1985 3271
761 78 989 168 ’ 44

191 239 261 295 dis
307 240 622 294 abstinendum
667 257 764 291 esse
815 240 956 299 duco,
994 242 1257 308 praesertim
1298 254 1396 296 cum
1439 242 1639 294 continui
1686 256 1733 291 se

190 333 439 397 excipiant:

397 418 449 469 C.
481 419 663 485 'Ecquis
698 419 772 469 hic
808 417 909 474 est?
945 418 1015 467 Pt.
1051 417 1206 467 Adest.
1245 415 1298 467 C.
1331 417 1403 466 Eut
1434 416 1731 468 Philolaches.

465 506 598 557 Salve
633 506 913 556 amieissume
949 508 1008 554 mi
1045 507 1243 556 omnium
1279 506 1528 557 hominum.

394 595 467 645 Pt.
503 595 562 644 Di
595 605 638 645 te
673 604 843 645 ament:
878 593 1044 643 aceuba
1081 592 1409 644 callidamates.

191 684 296 735 Non
324 683 461 733 modo
497 684 678 733 eosdem
705 700 917 732 numeros
953 683 1104 742 habet,
1141 682 1221 733 sed
1256 685 1387 735 etiam
1424 684 1610 736 similem
1633 701 1735 735 sen-

192 776 378 823 tentiam
413 775 610 821 continet
645 773 770 821 Pers.
796 789 839 819 v.
866 770 987 821 790:

396 860 644 909 Dordalust
679 860 752 909 hic
788 859 993 925 quidem:
1031 860 1139 926 quin
1175 858 1280 908 iube
1316 859 1471 909 adire?

294 1038 420 1087 Duae
457 1037 743 1103 quaestiones
790 1034 966 1084 relictae
1003 1043 1131 1092 sunt,
1178 1034 1287 1101 quid
1324 1034 1377 1085 de
1412 1036 1737 1103 antistrophica

194 1127 547 1193 compositione,
587 1140 701 1190 quae
738 1122 1040 1170 Hermannum
1077 1133 1301 1172 auctorem
1339 1122 1495 1182 habet,
1543 1127 1737 1176 sentien-

194 1215 300 1262 dum
338 1216 420 1270 sit,
464 1222 507 1261 et
542 1229 648 1260 num
687 1213 835 1260 cretici
871 1193 944 1258 eas
980 1211 1201 1260 clausulas
1237 1211 1508 1270 adsciscant,
1546 1211 1599 1260 de
1635 1215 1736 1279 qui·

192 1302 281 1349 bus
318 1301 433 1347 idem
460 1300 597 1347 Elem.
628 1316 674 1363 p.
702 1298 801 1347 208
826 1315 893 1363 sq.
921 1298 1184 1362 disputavit.
1240 1300 1407 1349 Harum
1432 1310 1592 1348 neutra
1626 1303 1735 1349 satis

195 1391 431 1456 explorata
467 1399 557 1437 est:
604 1406 702 1437 cum
740 1398 887 1436 autem
926 1387 1034 1435 haec
1076 1387 1132 1435 ad
1169 1406 1242 1437 eas
1277 1392 1571 1454 *potissimum
1605 1389 1736 1439 fabu-

193 1479 258 1527 las
296 1480 540 1544 pertineat,
585 1492 699 1543 quae
736 1493 761 1524 a
796 1475 1042 1524 Ritschelio
1078 1475 1278 1526 nondum
1316 1477 1459 1527 editae
1495 1487 1623 1536 sunt,
1659 1478 1735 1528 illa

194 1567 327 1615 simul
373 1567 545 1631 reliqua
592 1567 739 1612 omnia
786 1567 1058 1612 canticorum
1111 1575 1250 1613 metra
1295 1568 1340 1613 in
1385 1566 1734 1632 disputationem

192 1656 345 1703 vocari
381 1653 596 1721 postulet,
634 1669 754 1701 nunc
790 1661 981 1718 utraque
1014 1652 1123 1701 mihi
1158 1652 1374 1702 mittenda
1408 1671 1504 1704 esse
1539 1654 1731 1704 videtur.
