1985 3271
969 120 1034 169 20

435 254 615 309 Perdidi
653 257 832 321 operam
868 256 1098 306 fabrorum
1134 258 1237 307 1'lico
1276 257 1463 323 oppido.
1512 262 1517 265 ”

226 344 386 392 Eiusd.
423 355 570 393 autem
610 363 683 393 vv.
713 344 824 393 151.
855 343 950 394 152
985 345 1269 395 Hermannus
1302 345 1460 405 (Elem.
1486 361 1533 410 p.
1559 341 1677 406 207)
1700 343 1771 394 bis

226 433 401 479 hiatum
438 433 700 480 admiserat:

429 515 556 568 'Arte
591 521 869 585 gymnastica
905 520 1029 568 d1'sco
1071 549 1117 556 -
1161 521 1302 568 hastis
1337 522 1428 584 pila

433 606 584 656 Cursu
626 636 681 644 —-
723 608 856 656 arrm's
893 624 1009 672 equo
1048 607 1301 656 victitabam
1340 609 1496 673 volup,

227 695 363 761 idque
387 696 557 761 placuit
580 695 826 744 Ritschelio
853 698 896 744 in
922 696 1100 761 Prolcg.
1127 714 1171 762 p.
1199 695 1320 754 205,
1359 698 1442 745 nisi
1468 696 1591 762 quod
1614 706 1773 763 postea

227 787 274 831 in
310 784 506 832 editione
541 784 844 832 Mostellariae
880 786 941 831 ita
978 801 1136 832 versus
1174 784 1424 833 distribuit:

557 868 699 933 [Arte
735 868 1032 936 gymnastica]

432 959 569 1007 DiSco
606 959 748 1007 hastis
784 960 876 1024 pila
912 960 1048 1006 cursu
1085 959 1218 1007 armis
1254 977 1370 1025 equo

435 1084 871 1096 ......
910 1047 1143 1098 victitabat
1178 1049 1335 1112 volup.

228 1136 308 1186 sed
332 1135 615 1185 Hermannus
651 1137 747 1200 ipse
773 1134 910 1183 Elem.
937 1152 983 1199 p.
1005 1133 1102 1184 303
1143 1153 1272 1184 veros
1308 1152 1520 1185 numeros
1556 1135 1775 1185 intellexit

227 1240 373 1289 neque
419 1223 664 1288 quidquam
710 1223 1023 1289 corrigendum
1069 1223 1271 1287 reliquit,
1317 1226 1403 1271 nisi
1450 1223 1772 1272 versiculorum

229 1312 620 1368 distributionem,
675 1311 728 1358 de
787 1328 877 1375 qua
928 1311 1041 1358 infra
1095 1300 1330 1360 dicendum
1376 1315 1475 1367 erit,
1518 1339 1570 1348 -—
1614 1311 1773 1361 Utrum

229 1409 377 1448 autem
417 1397 545 1446 Trin.
583 1416 627 1446 v.
656 1397 777 1446 272:

433 1487 549 1534 Boni
588 1486 673 1533 sibi
710 1487 820 1533 haec
857 1488 1090 1550 expetunt,
1127 1489 1219 1533 rem
1253 1486 1423 1549 fidem,
1460 1486 1694 1545 honorem,

229 1577 505 1624 enumeratio
543 1575 715 1622 hiatum
753 1577 861 1622 satis
899 1584 1083 1622 excuset
1117 1592 1267 1631 necne,
1306 1592 1396 1622 non
1434 1575 1576 1623 audeo
1610 1576 1774 1624 discer-

227 1679 348 1710 nere.
422 1660 476 1709 cf.
515 1662 694 1710 Lachm.
741 1661 799 1709 ad
834 1661 1012 1710 Lucret.
1050 1661 1125 1709 Vl.
1171 1678 1213 1710 v.
1241 1660 1338 1710 743
1364 1672 1407 1710 et
1432 1661 1554 1721 3873
1598 1662 1771 1712 Ritsch.

226 1751 351 1799 Prol.
392 1750 520 1798 Trin.
558 1767 603 1814 p.
631 1749 744 1798 202.
797 1777 843 1786 -

331 1838 570 1904 Singulare
616 1848 705 1896 est,
763 1837 888 1904 quod
935 1854 1114 1885 monere
1157 1847 1317 1896 restat,
1361 1837 1527 1886 Pseud.
1571 1857 1614 1887 v.
1644 1836 1775 1889 1334

226 1928 427 1975 ultimam
475 1929 624 1973 cretici
669 1929 910 1974 tetrametri
947 1925 1164 1992 syllabam
1201 1926 1384 1974 elisione
1418 1925 1534 1975 facta
1569 1942 1668 1975 cum
1704 1943 1775 1976 se-

228 2026 391 2080 quente
429 2031 563 2063 versu
601 2017 883 2062 coniunctam
919 2014 1083 2061 videri:

433 2104 604 2152 Verum
642 2105 679 2151 si
719 2104 850 2151 voltis
888 2102 1159 2167 adplaudere
1195 2110 1328 2167 atque
1364 2101 1614 2167 adprobare
1670 2167 1672 2169 v

435 2192 565 2240 Hunc
607 2208 785 2256 gregem
823 2200 866 2239 et
902 2190 1119 2247 fabulam,
1165 2192 1211 2237 in
1248 2190 1486 2238 crastinum
1523 2191 1605 2239 v6s
1641 2208 1771 2240 voco.

226 2279 294 2329 De
346 2279 513 2329 talibus
569 2278 776 2327 versibus
823 2278 1021 2326 Terentii
1077 2276 1130 2325 cf.
1178 2277 1357 2325 Lachm.
1411 2278 1469 2325 ad
1507 2278 1683 2327 Lucret.
1719 2280 1770 2338 11,

227 2387 272 2417 v.
310 2368 404 2418 118
457 2378 501 2417 et
546 2367 699 2416 confer
741 2367 975 2416 editiones».
1048 2366 1113 2414 De
1149 2365 1310 2414 Plauto
1354 2369 1520 2415 incerta
1565 2384 1636 2416 res
1682 2377 1771 2417 est:

225 2466 382 2523 potest
418 2459 533 2503 enim
570 2456 643 2503 hic
677 2456 803 2503 locus
840 2465 957 2503 recte
993 2471 1040 2502 se
1076 2454 1255 2512 habere,
1294 2455 1373 2503 sed
1407 2472 1498 2503 non
1536 2457 1772 2522 neglegen-

228 2545 335 2592 dum
373 2554 546 2601 tamen,
587 2544 760 2591 codices
800 2560 914 2591 »vos
951 2542 1154 2590 vocabo«
1191 2541 1403 2606 praebere
1438 2553 1481 2591 et
1515 2543 1618 2590 inde
1659 2543 1772 2591 Her-

226 2651 439 2681 mannum
469 2632 606 2680 Elem.
645 2651 688 2697 p.
719 2630 817 2681 304
853 2649 945 2680 non
982 2629 1301 2694 improbabiles
1337 2629 1598 2680 bacchiacos
1635 2641 1796 2681 tetra-⁷

227 2731 395 2770 metros
432 2721 649 2769 effecisse:

430 2809 599 2857 Verum
638 2808 765 2856 sultis
803 2808 1073 2871 adplaudere
1110 2807 1242 2873 aitque
1279 2807 1529 2873 adprobare
1564 2809 1686 2857 hunc

434 2896 624 2964 Grcgem
663 2899 706 2946 et
742 2895 936 2946 fabulam
973 2897 1021 2946 1'11
1058 2897 1299 2947 crastinum
1337 2915 1419 2949 vos
1454 2897 1644 2949 vocabo.
1720 2940 1724 2944 .
