1985 3271
994 158 1058 214 36

257 299 461 369 ingratos
498 308 541 352 et
576 295 858 368 praesecatos
905 318 1116 351 numeros
1151 301 1321 361 reddit,
1359 291 1575 351 'ut-'mihi
1619 288 1797 369 quidem

257 394 335 440 vix
373 390 479 440 ferri
515 407 650 456 posse
687 389 906 439 videatur.

362 478 485 541 Quae
522 495 620 527 cum
656 480 719 526 ita
754 481 865 535 sint,
911 477 1023 525 nihil
1056 479 1144 526 iam
1178 478 1378 546 relictum
1414 478 1571 537 video,
1617 481 1702 528 nisi
1747 486 1800 528 ut

257 583 436 614 versum
473 565 620 615 tribus
648 575 829 615 'tantum
859 564 1052 631 pedibus
1089 566 1291 615 incedere
1315 584 1587 625 censeamus,
1626 554 1798 618 creticis

257 654 439 703 duobus
476 665 520 703 et
555 672 646 703 uno
684 677 1044 692 vvvvv
1055 691 1066 712 ‚
1106 657 1182 720 qui
1219 672 1313 720 pes,r
1352 661 1608 721 quanquam
1643 656 1800 721 singu-

255 742 375 800 laris,
411 753 560 791 tamen
598 745 759 791 cretico
797 753 840 790 et
875 742 1134 791 choriambo
1174 761 1264 791 non
1302 742 1527 792 dissimilis
1563 752 1644 791 est.

361 829 538 893 Quibus
574 840 719 879 autem
759 832 949 879 metricis
985 830 1159 897 legibus
1195 831 1283 879 hoc
1306 847 1447 897 genus
1478 819 1650 889 utatur,
1685 830 1799 880 Her·

257 935 446 968 mannus
483 936 581 967 cum
620 921 915 985 posteriorem
952 928 1122 984 partem
1160 936 1335 985 semper
1365 911 1556 985 primum
1583 923 1797 985 paeonem

256 1008 421 1057 habere
459 1008 647 1064 diceret,
679 1016 810 1055 vrecte
858 1007 1073 1055 definivit.
1137 1008 1279 1072 Igitur
1320 1008 1478 1055 harum
1524 1007 1796 1072 syllabarum

256 1118 618 1135 vvvvv
634 1111 797 1159 *neque
842 1097 985 1160 prima
1030 1097 1075 1143 in
1112 1094 1224 1143 duas
1267 1094 1425 1143 breves
1470 1095 1585 1143 solvi
1629 1104 1796 1160 potest,-

256 1200 401 1249 neque
446 1200 531 1248 pro
577 1182 773 1230 secunda
820 1183 998 1248 longam
1048 1182 1261 1230 substitui
1306 1183 1431 1240 licet,
1480 1190 1622 1248 neque
1667 1184 1798 1231 tertia

257 1289 356 1319 cum
394 1282 553 1336 quarta
591 1273 941 1318 contractionem
978 1271 1195 1327 admittit,
1244 1271 1398 1318 ultima
1443 1280 1589 1318 autem
1635 1285 1796 1335 anceps

257 1368 338 1407 est.
412 1358 586 1420 Quodsi
631 1358 913 1406 Hermannus
958 1369 1096 1406 unum
1143 1375 1320 1407 versum
1366 1356 1549 1418 (Pseud.
1576 1354 1797 1418 v.·1297)

255 1449 317 1493 ita
354 1448 625 1510 composuit,
665 1455 714 1492 ut
738 1448 930 1508 primum
956 1462 1170 1509 paeonem
1195 1462 1287 1494 non
1312 1445 1509 1503 haberet,
1548 1444 1628 1493 sed
1654 1447 1798 1509 prima

255 1534 301 1579 in
339 1533 451 1580 duas
489 1533 644 1580 breves
682 1533 955 1579 solveretur:

460 1618 560 1666 Non
601 1618 723 1665 vides
761 1618 863 1666 med
899 1621 964 1666 uti
1002 1619 1206 1667 madidus
1243 1619 1431 1671 adeam?

255 1705 344 1756 hoc
379 1724 479 1755 eum
505 1708 694 1754 invitum
720 1715 776 1762 et,
812 1717 863 1754 ut
898 1709 960 1754 ita
986 1707 1142 1763 dicam,
1181 1710 1390 1756 memoria
1426 1708 1599 1773 lapsum
1626 1705 1794 1766 fecisse,

254 1795 358 1843 inde
395 1804 618 1860 apparret,
657 1794 782 1857 quod
818 1794 893 1841 illo
932 1795 1031 1842 loco
1069 1795 1181 1843 nihil
1217 1796 1270 1844 de
1307 1813 1357 1844 ea
1389 1798 1651 1861 exceptione
1676 1813 1798 1844 com-

254 1892 488 1930 memorat.
550 1882 721 1929 Versus
764 1891 911 1929 autem
957 1883 1207 1947 complures
1253 1883 1312 1932 ob
1357 1885 1465 1931 alias
1501 1894 1656 1931 causas
1703 1900 1795 1931 non

254 1982 370 2019 recte
408 1988 455 2018 se
492 1969 641 2026 habet,
680 1969 804 2035 quod
840 1968 955 2017 infra
992 1981 1260 2035 exponetur.
1319 1972 1465 2020 Multo
1503 1974 1643 2036 magis
1686 1987 1794 2019 vero

254 2057 360 2106 huic
395 2057 667 2107 Fleckeiseni
705 2061 853 2105 versui
891 2075 1142 2124 repugnare
1181 2058 1415 2108 debemus:

458 2145 560 2193 Non
598 2145 723 2192 vides
762 2146 860 2193 med
897 2149 963 2194 uti
1000 2147 1172 2195 madido
1210 2146 1443 2195 medeam?

254 2235 299 2282 in
347 2235 473 2281 cuius
518 2235 759 2298 posteriori
804 2244 932 2299 parte
978 2252 1068 2281 non
1116 2236 1260 2283 solum
1309 2238 1451 2301 prima
1494 2235 1665 2294 soluta,
1716 2235 1795 2285 sed

254 2324 384 2369 etiam
422 2339 507 2386 pro
546 2322 740 2370 secunda
776 2316 923 2387 longa⁴
948 2315 1194 2371 substituta
1231 2332 1311 2371 est.
1357 2324 1461 2372 Vid'.
1496 2315 1624 2372 infra.

356 2409 448 2457 Sed
492 2409 720 2457 videamus
764 2427 884 2457 nunc
930 2410 983 2457 de
1029 2412 1231 2476 singulis.
1298 2412 1351 2459 Ei
1396 2411 1573 2477 quidem
1618 2429 1790 2470 versus,

254 2511 370 2562 quos
414 2497 503 2544 huc
539 2497 793 2546 referendos
838 2514 935 2546 esse
977 2500 1063 2545 iam
1100 2498 1373 2546 Ritschelius
1409 2499 1543 2557 vidit,
1581 2499 1628 2547 hi
1664 2509 1792 2547 suntt

250 2585 391 2634 Most.
418 2603 459 2633 v.
487 2579 608 2634 693:

455 2671 586 2720 Nune
622 2671 863 2720 dormitum
899 2671 1025 2721 iubet
1060 2690 1129 2721 me
1164 2671 1250 2721 ire:
1287 2675 1494 2724 minume.

251 2759 409 2808 Eiusd.
435 2778 479 2808 v,
507 2758 628 2809 696:

455 2847 614 2901 leuit
648 2851 693 2897 in
730 2849 984 2899 cubiculum
1020 2849 1238 2900 abducere
1275 2868 1342 2900 me
1378 2867 1506 2902 anus.
