1985 3271
936 112 1004 162 29

530 247 713 298 ‹zu-..na
749 247 879 297 fidem
916 247 1012 297 tibi.
1072 232 1079 237 '

406 334 548 387 Fidus
584 355 676 397 ero,
715 337 918 404 quisquis
953 350 1023 385 es:
1056 335 1136 386 Tr.
1173 335 1309 385 Audi.

208 412 383 488 Quodsi
425 428 471 474 in
514 426 663 476 decem
709 426 870 474 fabulis
914 426 1024 474 haec
1066 427 1151 473 tria
1200 434 1384 473 tantum·
1418 423 1622 489 exempla
1654 440 1736 472 ex·

207 524 397 572 starent,
446 523 537 562 tam
570 527 740 563 'rarum
794 531 926 564 usum
978 531 1083 563 sane
1137 516 1344 563 mirarere
1398 523 1441 562 et
1486 530 1566 563 eos
1609 515 1735 578 ipsos

208 618 364 650 versus
401 602 446 649 in
483 602 807 652 dubitationem
843 605 993 650 vocari
1030 603 1194 650 liceret.
1236 601 1347 650 ‘Sed
1384 604 1420 650 si
1456 601 1624 666 ubique
1660 617 1737 648 co-

208 689 355 738 dicum
391 693 577 756 vestigia
613 693 854 757 sequimur,
892 692 1197 738 tr'imetrorum
1233 707 1445 738 numerus
1481 707 1573 737 non
1609 689 1737 754 paul-

207 778 300 826 lum
346 780 515 826 crescit.
582 779 648 827 Ac
681 781 874 844 primum
921 777 1101 844 quidem
1145 795 1191 825 se
1238 777 1367 826 offert
1403 778 1527 826 locus
1574 775 1733 836 (Trin.

209 882 250 914 v.
273 863 593 928 293-300),
615 869 690 915 cui.
711 867 951 932 plurimum
976 865 1262 935 tribuendum
1289 875 1369 923 est,
1409 868 1513 931 quia
1550 875 1594 913 et
1618 863 1732 913 Cod.

208 953 265 1002 A.
303 956 348 1001 in
401 956 618 1003 auxilium
672 957 822 1003 vocari
866 963 1039 1020 potest,
1094 964 1137 1002 et
1181 954 1471 1002 Trinummus
1525 953 1674 1001 sabula
1711 970 1737 1000 a

207 1041 399 1090 librariis
434 1043 546 1091 bene
581 1041 734 1091 habita
770 1048 933 1100 est,'et
966 1043 1155 1090 Plautus
1188 1043 1354 1091 horum
1382 1059 1589 1091 versuum
1617 1059 1737 1090 com·

207 1133 476 1196 positionem
522 1132 661 1198 legem
698 1131 920 1197 quandam
964 1131 1164 1196 profiteri
1211 1132 1368 1179 voluit.
1433 1119 1736 1179 Tetrametros

209 1221 322 1267 enim
361 1229 404 1267 et
439 1220 894 1269 trimetros'alternos
929 1237 977 1278 se
1001 1222 1206 1285 excipere
1231 1219 1556 1268 contendimus
1608 1218 1738 1267 Nunc

208 1316 355 1357 autem
393 1308 502 1356 haec
537 1308 769 1374 leguntur:

331 1415 334 1418 ·
411 1395 492 1444 His
519 1395 611 1462 ‘ego
649 1395 703 1444 de
738 1395 909 1444 artibus
945 1397 1131 1462 gratiam
1167 1395 1280 1445 facio

411 1484 478 1533 Ne
515 1482 649 1542 colas,
687 1502 742 1533 ne
777 1484 949 1533 imbuas
988 1482 1069 1546 [eis
1105 1482 1253 1545 tuum]
1289 1487 1533 1551 ingenium.

262 1582 375 1635 (295)
411 1573 515 1622 Meo
551 1573 688 1621 modo
726 1583 770 1621 et
803 1573 1005 1621 moribus
1043 1573 1181 1621 vivito
1219 1573 1439 1638 antiquis:

414 1660 538 1723 Quae
576 1664 658 1726 ego
695 1661 775 1709 tibi
810 1663 1039 1726 praecipio
1077 1678 1126 1709 ea
1163 1657 1451 1721 [memineris]
1488 1660 1635 1709 facito.

353 1798 360 1805 ,
413 1746 534 1796 Nihil
570 1766 653 1814 ego
690 1750 801 1797 istos
837 1748 1003 1797 facetos
1042 1765 1194 1797 moror
1229 1750 1389 1805 mdres,

412 1836 662 1895 TurbidoS,
700 1837 864 1903 quibus
898 1837 1009 1904 boni
1044 1840 1140 1886 sese
1177 1837 1460 1885 dedecorant.

413 1925 535 1974 Haec
569 1925 651 1974 tibi
686 1925 725 1973 si
759 1928 962 1990 capesses
999 1943 1093 1974 mea
1129 1927 1329 1991 imperia,

261 2022 374 2076 (300)
408 2013 553 2062 Multa
588 2013 706 2061 bona
740 2016 786 2061 in
823 2016 1001 2079 pectore
1038 2011 1257 2075 [consilia]
1295 2013 1540 2062 consident.

143 2128 146 2131 -
209 2101 259 2149 In
311 2101 381 2149 his
434 2101 573 2149 multa
633 2118 689 2148 ex
751 2104 1006 2149 coniectura
1064 2100 1179 2149 facta
1244 2112 1365 2149 sunt.
1425 2131 1476 2139 —
1535 2118 1578 2148 v.
1618 2099 1739 2150 294:

210 2191 299 2237 ‘eis
345 2199 500 2237 tuum«
545 2189 637 2237 Rit.
682 2191 976 2253 interposuit,
1029 2219 1082 2227 —-
1131 2206 1173 2235 v.
1210 2187 1332 2236 296:
1377 2190 1651 2252 »praecipito
1697 2198 1741 2236 et

211 2275 369 2325 facito«
413 2277 530 2325 libri.
578 2293 685 2324 »ea«
729 2294 814 2342 pro
860 2286 961 2325 »et«
1006 2276 1130 2324 Pius.
1179 2277 1487 2324 »memineris«
1534 2276 1626 2324 Rit.
1675 2302 1738 2311 —

209 2362 520 2420 Fleckeisenus
556 2380 675 2412 nunc
721 2366 934 2429 »recipito
973 2374 1044 2413 et«
1082 2363 1248 2412 scribit.
1291 2393 1342 2401 -
1384 2380 1427 2411 v.
1455 2362 1576 2413 297:
1613 2380 1742 2412 »mo-

209 2468 288 2500 ror
322 2452 494 2501 faeceos
531 2469 709 2500 mores«
746 2452 878 2500 codd.
916 2480 978 2490 —-—
1018 2452 1258 2509 »facetos«,
1297 2468 1320 2499 e
1357 2450 1598 2507 Camerarii
1635 2469 1741 2499 con-

209 2542 398 2600 iectura,
446 2558 538 2589 non
583 2543 791 2607 congruit
833 2558 931 2589 cum
968 2543 1198 2590 sententia.
1259 2538 1363 2589 Non
1410 2544 1524 2589 enim
1560 2543 1738 2588 nimiam

210 2644 388 2677 morum
448 2629 708 2694 elegantiam
763 2629 914 2677 Philto
967 2639 1117 2686 notat,
1181 2628 1259 2677 sed
1320 2629 1510 2677 hiulcam
1564 2638 1738 2693 gentem

212 2713 272 2777 (v.
303 2715 444 2776 286),
491 2732 605 2781 quae
642 2719 789 2765 omnia
825 2720 963 2782 rapit,
1002 2717 1160 2771 trahit,
1199 2716 1336 2782 fugit,
1375 2718 1480 2764 latet
1516 2714 1577 2776 (v.
1604 2716 1737 2775 288).

213 2803 444 2853 »faeceos«
481 2803 717 2869 Bergkius,
756 2805 880 2871 quod
915 2803 1182 2852 vocabulum
1210 2814 1365 2870 aptum
1391 2807 1632 2853 sententiae
1661 2803 1740 2852 sed

210 2905 432 2958 nusquam
469 2909 721 2952 occurrens,
759 2892 901 2941 donec
935 2892 1092 2941 melius
1128 2893 1393 2951 inveniatur,
1431 2894 1606 2941 interim
1631 2894 1741 2940 reci-
