1985 3271
740 394 1239 471 THESES.

914 557 1071 564 ————

250 717 261 730 .
316 678 403 743 Qui
443 696 599 730 versus
635 679 758 747 apud
803 690 959 746 poetas
1005 682 1230 730 scaenicos
1277 688 1320 729 et
1356 677 1564 729 Graecos·
1592 688 1636 728 et
1670 677 1756 728 La-

314 772 437 816 tinos
462 769 532 816 bis
567 761 873 826 inveniuntur,
911 754 948 816 si
985 756 1165 834 utrique
1202 770 1302 817 loeo
1338 770 1625 824 conveniunt,
1663 784 1753 814 non

314 873 399 921 pro
436 856 861 920 interpolationibus
898 857 1091 905 habendi
1129 867 1249 905 sunt.

250 980 261 992 .
316 943 540 995 Traiectio
577 962 789 994 versuum
826 947 872 993 in
902 944 1063 994 Plauto
1099 943 1378 994 restituendo
1415 945 1641 993 rarissime
1677 941 1757 992 ad-

316 1032 513 1080 hibenda
550 1043 631 1081 est.
1706 1034 1709 1036 ’

250 1157 261 1167 .
317 1119 536 1185 Sophocl.
569 1122 723 1187 Antig.
761 1139 836 1169 vv.
863 1093 1032 1171 905-
1048 1120 1147 1173 914
1186 1123 1351 1169 iniuria
1385 1130 1544 1186 poetae
1579 1119 1757 1176 abiudi-

316 1217 490 1257 cantur.

250 1331 260 1343 .
317 1295 462 1344 Tacit.
498 1296 662 1344 Annal.
694 1296 772 1354 IV,
799 1294 886 1353 34,
935 1271 1218 1355 scribendum
1265 1290 1526 1344 videtur.‘
1536 1311 1659 1344 novo
1705 1311 1757 1356 axo

315 1392 424 1431 tunc
458 1386 650 1448 primum
688 1384 843 1432 audito
880 1386 1075 1441 crimine,
1113 1383 1244 1431 editis
1280 1382 1516 1430 annalibus
1549 1382 1757 1445 laudato-

316 1487 403 1536 que
425 1471 490 1519 M.
516 1471 676 1530 Bruto,
715 1470 858 1537 quod
893 1470 944 1522 C.
972 1470 1514 1521 Cassium-Romanorum
1550 1471 1754 1533 ultimum

316 1555 538 1606 dixisset.³
1750 1609 1753 1612 ,

250 1682 261 1693 .
313 1645 462 1694 Plaut.
501 1645 667 1694 Pseud.
693 1647 751 1704 11,
781 1645 824 1696 1.
880 1646 969 1710 Qui
1004 1647 1057 1696 de
1092 1649 1368 1713 gravissimis
1403 1645 1549 1696 turbis
1575 1647 1756 1714 -cogitag

314 1743 436 1792 runt,
474 1744 618 1783 totum
655 1735 804 1783 locum
841 1753 933 1784 non
969 1736 1300 1786 intellexerunt.

248 1858 260 1870 .
313 1822 461 1871 Plaut.
498 1823 589 1870 mil.
626 1823 742 1888 glor.
779 1840 823 1870 v.
851 1822 973 1871 204:

383 1910 582 1958 Dextera
618 1910 768 1977 digitis
805 1913 1023 1965 rationem
1060 1912 1313 1977 computat:
1349 1910 1450 1960 ferit
1484 1909 1662 1967 femur,

384 1997 643 2047 De'xtrum
668 1998 863 2048 dea-tra
886 1998 967 2048 ita'
990 1999 1294 2050 vehementer:
1332 1997 1457 2065 quod
1492 2008 1595 2065 agat
1624 2013 1754 2064 aegre

249 2190 260 2202 .
314 2149 489 2214 Eiusd.·
509 2171 551 2202 v.
580 2152 700 2202 227·
689 2190 700 2202 .
1187 2088 1401 2152 suppetit

385 2243 509 2305 Quae
534 2242 606 2290 h1'c
630 2251 736 2290 sunt
772 2244 883 2298 visa,
921 2250 974 2289 ut
1008 2243 1102 2289 visa
1137 2258 1197 2295 ne,
1227 2243 1330 2297 sint,
1367 2240 1482 2289 facta
1516 2247 1574 2289 ut
1603 2241 1754 2305 facta

1185 2328 1253 2398 nxe'
1287 2331 1414 2377 sient.

249 2433 259 2444 .
313 2396 472 2444 Eiusd.
507 2414 551 2444 v.
579 2396 699 2444 301:

383 2483 502 2547 Quin
539 2487 669 2532 etiam
705 2499 825 2532 nune
851 2482 972 2531 intus
997 2483 1069 2531 hie
1092 2485 1137 2530 in
1161 2483 1448 2547 proxumost.
1484 2482 1578 2530 Pal.
1617 2479 1752 2539 Eho,

1187 2586 1254 2618 an
1287 2570 1389 2618 no'n
1423 2569 1622 2618 domist?

249 2679 259 2690 .
314 2642 473 2690 Eiusd.
507 2659 550 2689 v.
579 2639 698 2689 310:

384 2728 533 2779 Credo
571 2728 715 2777 hercle
753 2728 833 2775 has
870 2725 1081 2775 sustollat
1116 2725 1236 2773 aedis
1273 2726 1392 2774 totas
1428 2725 1646 2791 tollatque
1681 2723 1753 2772 hie

1187 2830 1374 2862 crucem.

822 2958 1142 2973 -n——Q———w-
