1985 3271
962 120 1062 173 28'

227 261 434 309 revocavi
481 256 594 320 (nisi
642 258 766 326 quod
812 258 914 308 libri
959 259 1083 308 »ibi«
1129 259 1241 309 male
1275 262 1516 327 repetitum
1551 256 1762 323 hahent).

229 347 439 399 Ceterum
473 348 770 398 Ritschelius:

499 438 642 487 Manli
677 436 864 486 candida
899 438 1159 486 cantharum
1196 435 1329 499 [tum]
1367 437 1628 487 dulciferum

501 525 751 591 Propinare
787 525 1110 574 amicissumam
1149 523 1249 587 [tibi
1283 524 1428 588 tuam]
1463 527 1646 575 amicam

433 612 589 680 Neque
633 613 696 661 ibi
741 613 874 662 alium
919 614 992 662 alii
1043 630 1139 662 esse
1177 614 1308 672 odio,
1354 631 1435 663 nec
1479 613 1764 663 sermonibus

1040 702 1288 768 morologis
1322 705 1389 751 uti
1425 699 1741 768 [quenquamh

330 791 567 839 Praeterea
610 791 740 838 ctiam
776 789 1061 839 hexametros
1108 793 1294 838 creticos
1348 793 1393 838 in
1436 792 1679 839 tetrametri
1724 799 1768 839 et

231 879 406 929 dimetri
441 888 525 926 cat.
563 877 749 926 formam
786 877 929 944 redigi
965 894 1113 943 posse,
1150 880 1424 927 monuimus.

334 966 497 1016 Cretici
536 966 709 1013 dimetri
747 965 879 1014 medii
915 968 1031 1014 inter
1066 975 1348 1015 tetrametros
1391 968 1579 1016 creticos
1628 967 1766 1031 positi

228 1059 274 1105 in
312 1058 374 1103 eis
410 1054 573 1104 fabulis
610 1070 724 1119 quas
759 1054 852 1102 Rit.
890 1053 1028 1103 edidit
1061 1072 1155 1103 non
1185 1057 1489 1113 inveniuntur,
1527 1057 1573 1103 in
1610 1056 1765 1103 ceteris

230 1154 378 1194 autem
415 1143 632 1191 nonnulla
668 1143 871 1207 exempla
906 1153 1083 1193 exstare
1118 1143 1341 1192 videntur.

331 1232 490 1280 Restat
518 1240 593 1294 Qut
646 1247 871 1287 moneam,
926 1233 1159 1279 creticum·
1189 1231 1425 1279 dimetrum
1479 1231 1766 1279 acatalectum

230 1323 525 1386 posteriorem
562 1318 720 1384 pedem
762 1335 936 1384 semper
970 1336 1134 1385 purum
1173 1322 1382 1369 creticum
1417 1318 1603 1378 habere,
1642 1318 1767 1385 quod

232 1410 310 1458 vix
345 1410 468 1457 casui
502 1406 758 1456 trihendum
794 1415 875 1455 est.

610 1623 689 1672 DE
728 1622 1061 1673 TRIMETRIS
1100 1622 1392 1674 CRETICIS.

336 1761 664 1809 Trimetrorum
713 1761 975 1807 ereticorum
1022 1749 1143 1806 nulla
1188 1761 1353 1807 mentio
1396 1759 1447 1807 fit
1491 1758 1612 1825 apud
1655 1759 1769 1808 Her-

231 1867 459 1906 mannum,
496 1865 641 1914 neque
676 1847 949 1897 Ritschelius
985 1864 1062 1895 eos
1100 1851 1298 1912 agnovit.
1354 1846 1491 1896 Solus
1523 1848 1769 1896 Fleckeise-

233 1957 318 1989 nus
365 1939 455 1987 hoc
497 1953 638 2003 genus
686 1935 987 2001 spernendum
1031 1952 1124 1983 non
1168 1952 1263 1984 esse
1298 1936 1531 1985 intellexit.
1571 1935 1767 1985 -Etenim

231 2030 278 2076 in
314 2027 462 2076 decem
500 2023 661 2073 fabulis
707 2022 762 2071 ab
810 2040 862 2071 eo
907 2025 1137 2072 recensitis
1185 2033 1275 2071 tres
1310 2025 1499 2073 trimetri
1534 2034 1666 2083 sunt,
1711 2041 1766 2073 ex

233 2114 398 2181 quibus
434 2113 700 2160 acatalectus
736 2128 854 2158 unus
892 2110 1024 2159 Curc.
1052 2129 1093 2158 v.
1127 2110 1243 2159 101:

437 2201 513 2248 T1'1
547 2199 656 2247 mihi
694 2197 845 2255 stacte,
881 2208 934 2246 tu
970 2199 1237 2255 cinnamum,
1275 2199 1326 2246 t1'1
1360 2215 1480 2255 rosa,

508 2288 582 2336 Tu
618 2288 845 2335 crocinum
883 2295 927 2333 et
963 2286 1131 2343 casia’s‚
1169 2296 1220 2334 tu
1255 2285 1482 2343 bdellium,

231 2379 311 2428 ubi
356 2380 555 2426 trimeter
598 2374 767 2423 claudit
819 2383 1127 2423 tetrametros:
1172 2374 1332 2439 reliqui
1377 2374 1468 2422 duo
1513 2375 1766 2433 catalectici,

233 2484 331 2514 cum
388 2464 533 2512 troch.
587 2462 785 2527 tripodia
838 2471 921 2509 cat.
968 2463 1290 2527 antistrophice
1342 2465 1591 2519 coniuncti,
1645 2462 1766 2510 Rud.

233 2574 275 2602 v.
303 2552 401 2604 953
440 2561 483 2601 et
519 2549 640 2608 955,
686 2568 801 2617 quos
847 2549 1127 2599 Hermannus
1175 2548 1340 2609 (Elem.
1365 2568 1412 2616 p.
1439 2550 1563 2611 221)
1610 2568 1767 2600 versus

232 2660 289 2691 ex
323 2639 586 2690 choriambo
624 2648 667 2686 et
703 2638 890 2688 dimetro
929 2641 1090 2687 cretico
1127 2641 1403 2704 compositos
1439 2640 1767 2688 nominaverat:

558 2727 610 2775 Si
644 2726 774 2774 fidem
810 2726 945 2774 modo

436 2815 527 2865 Deis
564 2815 673 2863 mihi
708 2824 751 2864 te
787 2816 876 2865 non
912 2814 1008 2864 fore
1043 2813 1247 2865 infidum.
