1985 3271
949 132 1009 182 31

210 266 497 338 praecedunt.
516 266 623 317 huie
656 269 805 321 versui
829 277 1000 334 septem
1025 270 1171 317 cretici
1208 270 1474 318 teu-ametri:
1510 271 1586 335 qui
1614 276 1744 335 post·-

211 372 344 424 quam
379 357 701 407 hoc-trimetro
736 357 875 405 clausi
908 366 1038 412 sunt.
1084 356 1142 407 ad
1176 357 1429 405 trochaicus
1463 361 1742 422 septenarios

210 463 356 496 sermo
401 448 577 494 transit.
637 443 848 494 Ceterum
882 445 1164 494 Hermannus
1208 445 1314 492 olim
1351 444 1515 505 (Elem.
1539 463 1586 511 p.
1613 444 1740 506 213)

211 536 420 583 creticum
456 533 692 582 dimetrum
729 534 1024 598 descripserat
1049 546 1162 581 'oum'
1191 533 1537 583 exclamatione:

415 622 486 669 Pt.
526 621 617 682 Qui
651 621 771 668 scis?
804 620 859 668 N.
897 621 1019 667 Vidi.
1055 621 1127 668 Pt.
1163 621 1250 668 Hei
1278 621 1407 677 mihi,

480 709 690 772 Disperii.
831 724 834 725 ’

211 797 336 863 quod
388 814 486 845 cum
538 796 768 844 ferendum
821 813 926 844 non,
960 813 1058 845 esse
1110 797 1404 861 intellegeret,
1457 798 1503 844 in
1543 796 1741 845 editione

199 884 481 952 ‘Bacchidum
518 885 847 953 anapaesticum
885 883 1120 932 dimetrum
1157 883 1300 932 dedit:

414 973 484 1022 Pt.
524 972 611 1034 Qui
642 972 757 1020 seis!
793 971 847 1019 N.
884 972 1005 1020 Vidi.
1043 972 1113 1019 Pt.
1149 971 1232 1019 Hei
1268 973 1375 1019 mihi
1413 972 1611 1037 disperii.

212 1059 291 1110 sed
327 1077 381 1108 ne
416 1060 523 1108 huic
558 1057 736 1125 quidem
774 1069 908 1123 aptus
944 1060 1070 1107 locus
1106 1070 1187 1106 est.
1233 1059 1350 1107 Rie:

411 1147 485 1196 Pt.
532 1147 624 1210 Qui
664 1146 787 1195 scis?
837 1145 915 1195 N.·
946 1146 1067 1195 Vidi.
1116 1146 1187 1194 Pt.
1242 1147 1328 1195 Hei
1374 1147 1481 1195 mihi
1536 1143 1741 1208 [misero]

1018 1234 1217 1298 disperii.
1255 1259 1318 1267 —

311 1323 414 1370 Alia
439 1325 741 1371 trimetrorum
770 1321 973 1386 exempla
999 1331 1107 1369 sunt
1124 1323 1284 1370 Bacch.
1306 1340 1349 1369 v.
1368 1321 1466 1370 622
1490 1333 1538 1370 et
1562 1340 1604 1370 v.
1626 1320 1738 1380 624,

211 1426 344 1476 quem
378 1411 523 1458 locum
558 1410 752 1458 editores
789 1411 897 1457 satis
933 1395 1144 1457 audacter
1166 1409 1457 1458 refluxerunt.
1513 1409 1605 1459 Sed
1642 1410 1742 1459 vide

211 1515 266 1546 ne
303 1499 410 1546 haec
444 1498 695 1547 revocanda
730 1500 841 1545 sint:

266 1596 379 1649 (620)
412 1585 648 1636 'Omnibus
685 1585 879 1651 probris,
918 1600 1031 1650 quae
1066 1585 1286 1651 improbis
1324 1587 1430 1634 viris

414 1675 562 1741 Digna
598 1684 717 1731 sunt,
755 1674 934 1739 dignior
969 1674 1117 1721 nullus
1154 1684 1221 1721 est
1257 1674 1417 1722 homo:

481 1764 724 1828 Qui-patri
757 1761 933 1810 reddidi
969 1778 1100 1810 omne
1134 1762 1291 1810 aurum
1330 1778 1495 1818 amens,

414 1850 670 1913 Quodl'uit
702 1852 809 1915 prae
843 1867 993 1898 manu.
1031 1851 1186 1898 sumne
1222 1867 1305 1913 ego
1343 1851 1480 1898 homo
1519 1849 1681 1899 miser?

479 1938 662 1987 Perdidi
699 1955 765 1986 me
801 1938 935 2005 atque
971 1931 1151 2004 operam
1189 1936 1411 2003 Chrysali.

411 2026 462 2075 P.
492 2026 807 2076 Consolandus
843 2027 918 2074 hic
952 2029 1076 2075 mist:
1114 2026 1188 2073 ibo
1215 2026 1272 2073 ad
1296 2027 1411 2074 etim.
1466 2027 1741 2076 Mnesiloche

1018 2114 1127 2179 quid
1163 2114 1244 2162 fit?
1287 2115 1383 2162 Mn.
1418 2114 1550 2169 Perii.

210 2202 274 2252 Ita
317 2201 419 2251 libri
462 2204 548 2251 nisi
594 2201 718 2269 quod
762 2220 805 2252 v.
832 2199 931 2251 622
988 2218 1194 2250 ⁸amens«
1239 2219 1325 2267 pro
1372 2219 1583 2250 »amans«
1628 2202 1740 2251 Her-

211 2307 373 2338 manno
413 2290 613 2339 debetur.
666 2290 836 2338 Eodem
874 2307 1008 2339 versu
1044 2299 1150 2355 post
1187 2307 1405 2339 »aurum«
1447 2299 1491 2338 et
1526 2301 1739 2356 sequente

211 2389 317 2442 post
353 2396 495 2444 »ego«
532 2379 631 2427 cod.
669 2379 721 2427 B.
760 2380 962 2427 lacunam
1006 2380 1074 2426 vel
1110 2395 1309 2426 rasuram
1347 2380 1479 2426 trium
1516 2378 1606 2426 fere
1644 2381 1741 2428 lite-

126 2462 129 2464 ’
210 2482 359 2514 rarum
397 2466 600 2524 exhibet,
639 2482 750 2532 quas
786 2484 869 2532 pro
908 2466 1141 2515 turbarum
1176 2465 1398 2514 indicibus
1434 2466 1527 2514 Rit.
1559 2466 1738 2530 habuit.

210 2553 302 2603 Sed
337 2555 448 2603 nihil
483 2554 759 2603 intercidisse
795 2556 986 2613 videtur,
1025 2565 1069 2603 et
1103 2557 1207 2620 quia
1237 2553 1295 2600 ad
1330 2557 1591 2602 sententiam
1629 2556 1745 2602 nihil·

209 2640 523 2700 desideratur,
557 2653 601 2692 et
643 2646 749 2709 quia
792 2645 839 2691 in
886 2644 984 2692 cod.
1021 2643 1074 2692 B.
1120 2641 1243 2691 haud
1285 2660 1387 2690 raro
1434 2642 1622 2690 duarum
1669 2643 1739 2691 vel

206 2732 341 2778 trium
380 2731 604 2778 literarum
641 2734 786 2796 spatia
830 2733 1139 2786 inveniuntur,
1182 2729 1260 2777 ubi
1306 2730 1415 2777 nihil
1460 2730 1611 2778 deesse
1646 2731 1741 2795 ple-

208 2835 397 2884 rumque
432 2818 523 2866 Rit.
560 2821 657 2882 ipse
703 2819 919 2867 concedit.
974 2817 1029 2866 cf.
1072 2817 1214 2866 eiusd.
1249 2836 1293 2867 v.
1319 2815 1587 2880 615.,638.
1623 2817 1736 2866 649.

213 2904 356 2955 1123.
402 2935 456 2944 -
496 2906 666 2955 Versus
712 2905 808 2954 625
858 2903 989 2966 (item
1033 2908 1260 2971 sequentis
1300 2904 1481 2966 versus)
1527 2922 1737 2954 numeros
