1985 3271
997 146 1061 197 32

254 285 538 335 Hermannus
574 280 849 344 intellexit¹),
887 285 966 333 sed
1001 301 1095 333 non
1129 281 1426 333 necessarium
1463 279 1579 343 erat,
1616 280 1791 336 initium

255 374 493 424 iambicum
534 374 699 422 facere:
755 371 1013 422 »Solandus
1059 372 1133 421 hic
1175 375 1280 421 mist
1322 388 1436 438 e.⁴q.
1471 388 1539 420 s.«
1610 371 1790 422 Priores

255 479 413 512 versus
449 462 565 512 idem
601 464 647 511 in
681 461 821 511 Elem.
846 479 892 527 p.
918 459 1017 509 220
1052 463 1115 509 ita
1150 460 1455 528 disposuerat:

531 551 621 612 Qui
654 554 773 617 patri
807 549 984 599 reddidi
1021 537 1151 599 omne
1188 550 1345 599 aurum
1382 549 1507 615 quod
1541 548 1626 597 suit

524 639 640 687 Prae
675 655 827 687 manu.
864 639 1019 686 stimne
1055 656 1139 705 ego
1406 647 1409 649 ’

456 726 605 775 Homo
644 726 810 774 miser?
845 726 1022 791 perdidi
1056 744 1125 774 me
1161 727 1295 792 atque
1331 741 1514 791 operam
1550 721 1758 788 Chrysali

253 813 418 865 Postea
452 814 635 881 longius
672 831 699 862 a
734 813 866 862 codd.
904 817 1127 880 scriptura
1162 815 1294 863 abiit:

523 902 673 968 Digna
710 912 829 959 sunt,
869 902 1050 967 dignior
1083 903 1233 950 nullus
1271 897 1447 968 [aeque]
1484 903 1553 948 est
1586 900 1748 948 homo:

526 989 618 1052 Qui
651 992 769 1055 patri
803 990 980 1038 reddidi
1015 990 1140 1056 quod
1174 989 1260 1038 fuit
1292 990 1402 1055 prae
1436 1005 1586 1038 manu.

525 1077 694 1127 Sumne
731 1095 814 1145 ego
852 1082 1003 1128 amens
1039 1078 1212 1128 homo?

457 1167 545 1216 Hei
579 1169 727 1225 miser,
763 1167 940 1233 perdidi
975 1185 1043 1216 me
1080 1168 1213 1233 atque
1250 1184 1431 1233 operam
1468 1163 1691 1232 Chrysali.

253 1255 373 1307 Haec
424 1274 518 1305 non
573 1256 828 1321 probabilia
880 1267 1009 1305 sunt:
1059 1274 1161 1305 nam
1206 1259 1353 1323 primo
1406 1273 1541 1305 versu
1592 1271 1790 1321 »aeque«

252 1347 541 1412 interposuit,
579 1344 718 1393 altero
756 1362 917 1394 »omne
941 1363 1129 1395 aurum«
1164 1355 1218 1394 ut
1251 1346 1474 1412 glossema
1501 1344 1676 1402 delevit,
1716 1343 1792 1392 de-

252 1433 357 1480 inde
394 1450 606 1480 »amans«
641 1436 686 1481 in
723 1437 984 1498 proximum
1018 1452 1061 1482 v.
1094 1437 1391 1498 transposuit,
1430 1434 1621 1497 denique
1659 1432 1789 1478 »hei«

253 1520 428 1570 adiecit.
498 1521 646 1571 Multo
692 1525 822 1571 etiam
870 1526 1015 1571 minus
1052 1521 1304 1588 probabilia
1347 1521 1440 1570 Rit.
1478 1512 1789 1578 conformavit,

253 1627 352 1659 cum
390 1609 446 1658 ab
483 1610 567 1658 hac
613 1609 912 1677 descriptione
947 1610 1176 1677 profectus
1212 1628 1297 1678 pro
1346 1610 1448 1660 »hei
1483 1612 1644 1659 miser«
1683 1610 1790 1676 »qui

252 1701 441 1748 misere«
479 1699 692 1747 scriberet
727 1710 771 1747 et
795 1717 852 1748 ex
877 1700 1065 1748 dimetro
1090 1710 1396 1758 tetrametrum
1422 1699 1624 1756 efficeret,
1658 1697 1792 1746 verba

252 1787 494 1836 »credibile
529 1788 618 1835 hoc
653 1797 749 1836 est«
786 1805 843 1836 ex
881 1806 922 1836 v.
949 1787 1045 1837 616
1083 1789 1173 1836 huc
1203 1798 1502 1854 transponens
1539 1786 1670 1835 simul
1696 1803 1793 1833 mu-

252 1885 347 1924 tata
398 1878 466 1924 in:
521 1876 759 1925 ¹»credibile
802 1877 893 1925 hoc
938 1877 1298 1943 quoipiamsti’f
1332 1876 1447 1925 Cum
1490 1886 1636 1924 autem
1683 1876 1793 1922 haec

253 1981 346 2012 non
389 1974 579 2029 propter
624 1974 814 2013 metrum
859 1964 939 2012 sed
988 1968 1208 2013 sententia
1253 1967 1457 2030 exigente
1502 1981 1548 2012 se
1584 1973 1793 2027 transpo-

255 2053 399 2100 suisse
436 2052 576 2109 dicat,
624 2055 942 2101 sententiarum
992 2070 1158 2101 nexum
1195 2051 1266 2113 (v.
1294 2037 1463 2113 615),
1493 2055 1569 2117 qui
1615 2051 1793 2116 quidem

254 2142 420 2204 optime
456 2157 502 2189 se
539 2140 688 2199 habet,
727 2142 1000 2207 explicemus
1040 2150 1236 2208 oportet.
1291 2140 1410 2189 Dicit
1445 2150 1590 2188 autem
1627 2140 1795 2188 Mnesi-

251 2229 434 2277 lochus:
472 2230 770 2278 Malevolente
807 2232 987 2296 ingenio
1026 2247 1110 2295 ego
1148 2240 1280 2277 natus
1317 2246 1439 2277 sum:
1483 2229 1579 2276 aliis
1616 2228 1793 2275 malefa-

253 2334 350 2366 cere
386 2318 526 2377 volui,
566 2318 645 2368 sed
669 2336 788 2368 nunc
824 2344 888 2355 ——-
927 2321 1028 2385 quis
1063 2318 1152 2367 hoc
1187 2317 1369 2367 credat?
1406 2342 1469 2351 -—-
1504 2334 1601 2366 mea
1627 2317 1792 2366 malitia

337 2496 368 2547 1)
406 2497 699 2538 Consentaneum
740 2506 796 2538 est
830 2500 946 2546 enim,
981 2500 1054 2537 iam
1090 2499 1173 2537 inde
1208 2510 1229 2537 a
1264 2512 1301 2537 v.
1321 2497 1401 2538 625
1434 2511 1610 2538 numeros
1646 2496 1791 2546 mutari,

253 2570 355 2624 quod
392 2569 642 2611 Mnesilochus
677 2585 803 2613 secum
836 2571 942 2625 loqui
978 2572 1085 2612 desiit
1128 2578 1163 2611 et
1200 2571 1422 2611 Pistoclerus
1458 2585 1498 2612 se
1531 2584 1791 2626 aggressurum

251 2659 333 2685 esse
369 2648 592 2698 pronuntiat.
640 2646 694 2686 Cf.
725 2648 821 2686 Men.
855 2661 889 2685 v,
911 2645 1009 2694 775,
1045 2646 1109 2684 ubi
1145 2658 1258 2685 senex
1294 2652 1492 2698 postquam
1529 2660 1653 2686 secum
1688 2646 1791 2699 loqui

252 2719 369 2769 desiit,
397 2728 441 2761 ut
469 2722 632 2774 primum
661 2721 816 2760 adeundi
845 2720 1038 2761 consilium
1067 2722 1170 2774 cepit,
1201 2720 1244 2760 ad
1259 2721 1373 2762 troch.
1402 2722 1623 2774 septenarios
1651 2722 1791 2761 transit.

249 2794 393 2835 Eodem
422 2796 534 2835 modo
563 2797 674 2835 Most.
693 2796 755 2843 111,
775 2796 812 2835 2.
854 2797 992 2836 Tranio
1021 2809 1096 2835 non
1116 2795 1198 2835 inde
1216 2809 1236 2835 a
1259 2809 1294 2834 v.
1314 2794 1403 2843 784,
1432 2796 1495 2834 ubi
1515 2795 1791 2847 Theuropidem

251 2867 463 2922 alloquitur,
493 2883 513 2909 a
537 2865 692 2909 senariis
721 2870 764 2908 ad
793 2869 999 2910 bacchiacos
1027 2871 1167 2920 transit,
1197 2870 1260 2909 sed
1287 2870 1360 2909 iam
1385 2868 1469 2909 inde
1496 2883 1517 2909 a
1544 2882 1580 2908 v.
1601 2867 1700 2917 783,
1727 2867 1792 2907 ubi

251 2944 408 2984 adeundi
436 2943 630 2984 consilium
659 2941 825 2983 declarat.
