1985 3271
997 138 1058 193 14

251 289 393 343 genus
426 273 663 331 referendi
699 283 836 333 sunt,
882 276 920 327 si
964 276 1043 340 qui
1090 273 1449 337 choriambici,
1481 275 1540 328 in
1565 276 1799 329 ..creticum

250 364 516 430 rhythmum
552 363 733 416 cadunt.

1001 518 1058 569 V.

355 628 434 677 De
448 625 738 689 Saturniis,
776 628 830 678 de
857 628 1028 696 quibus
1049 629 1253 682 Weisius
1278 627 1474 680 libellum
1498 629 1678 693 scripsit
1700 625 1803 684 (dor.

256 717 536 766 saturnische
570 717 683 767 Vers
718 717 815 767 hei
826 718 1031 769 Plautus.
1081 715 1323 780 ΩιιθάΙίιιΙ).
1357 732 1404 765 ιι.
1439 715 1593 781 Leipz.
1633 712 1804 777 1839),

256 821 349 853 non
385 814 455 854 est
489 806 794 871 cogitandum.

356 891 429 940 Ex
464 893 535 940 his
573 910 785 941 versuum
819 892 1060 959 generibus
1096 892 1323 947 hoe-loco
1358 891 1415 945 de
1450 893 1621 947 creticis
1657 892 1806 956 potis·

257 982 418 1028 simum
454 985 705 1030 accuratius
731 999 943 1047 quaerere
968 984 1307 1048 proposuimus.
1361 980 1428 1028 Ne
1460 988 1607 1028 autem
1643 978 1803 1027 sunda-

258 1078 406 1116 menta
440 1078 653 1135 tanquam
687 1073 732 1118 in
758 1085 874 1136 aqua
898 1087 1134 1136 ponamus,
1172 1072 1232 1118 ita
1257 1087 1347 1118 rem
1372 1085 1579 1136 geramus
1606 1076 1801 1133 oportet,

258 1166 311 1205 ut
346 1173 423 1206 eae
458 1157 648 1216 fabulae,
687 1162 732 1208 in
768 1159 935 1224 quibus
960 1159 1172 1210 Pareanis
1207 1160 1650 1222 tantumcopiisuti
1687 1157 1801 1212 licet,

259 1242 349 1293 fere
383 1261 574 1309 prorsus
611 1247 924 1295 excludantur.
977 1246 1212 1295 Praeterea
1247 1263 1325 1294 eos
1350 1245 1490 1302 locOS‚
1529 1245 1607 1302 ubi
1634 1243 1804 1310 aliquid

259 1322 584 1381 emendandum
631 1337 776 1382 visum
824 1335 914 1392 est,
959 1333 1113 1400 paullo
1160 1334 1391 1400 copiosius
1435 1331 1663 1390 tractabo,
1711 1349 1803 1381 non

261 1423 390 1485 quasi
427 1438 602 1487 semper
636 1440 704 1470 me
740 1439 895 1470 verum
935 1423 1099 1470 vidisse
1134 1432 1311 1488 putem,
1356 1421 1435 1477 sed
1470 1421 1638 1483 Mureti
1675 1438 1805 1485 prae-

261 1511 376 1573 cepti
413 1526 605 1568 memor,
650 1520 702 1559 ut
744 1510 802 1559 ad
837 1511 1049 1560 Plautum
1094 1509 1417 1559 emendandum
1463 1527 1617 1558 omnes
1656 1511 1805 1558 omnia

261 1595 506 1646 conferant.

667 1813 746 1862 DE
783 1810 1079 1864 VERSIBUS
1118 1809 1412 1863 CRETICIS.

365 1947 587 1997 Versibus
623 1947 872 1999 bacchiacis
908 1959 953 1999 et
975 1951 1147 1999 creticis
1174 1959 1308 2014 poeta
1333 1951 1524 2000 maxime
1560 1948 1802 1998 delectatus

263 2053 359 2085 esse
395 2037 590 2085 videtur.
663 2035 824 2085 Cretici
862 2038 1065 2102 quidem,
1110 2053 1364 2102 quanquam
1403 2037 1554 2102 paullo
1589 2040 1803 2085 rariorem

263 2142 418 2172 eorum
456 2141 591 2190 quam
626 2123 965 2174 hacchiacorum
993 2142 1126 2173 usum
1151 2111 1546 2192 deprehendimus,⁴
1579 2134 1722 2173 tamen
1758 2126 1804 2172 in

262 2213 490 2279 plerisque
526 2215 709 2261 canticis
754 2215 1067 2278 inveniuntur,
1114 2223 1158 2263 et
1200 2230 1364 2263 canora
1398 2232 1481 2262 sua
1514 2210 1804 2276 numerorum

261 2304 436 2350 ratione
473 2303 669 2368 insignes
701 2312 822 2360 sunt,
862 2312 905 2350 et
930 2302 1310 2369 diligentissimam
1337 2304 1676 2369 compositionis
1713 2301 1806 2349 sor-

262 2407 378 2438 mam
414 2407 522 2455 prae
557 2408 605 2438 se
630 2390 795 2439 ferunt.
846 2390 1029 2445 Nullum
1056 2394 1174 2445 enim
1201 2390 1324 2439 aliud
1348 2400 1535 2445 metrum
1562 2401 1642 2447 est,
1680 2390 1806 2455 quod

261 2478 439 2526 licentia
464 2479 732 2543 prosodiaca
756 2481 934 2544 parcius
968 2489 1138 2536 utatur,
1161 2482 1374 2528 -rariusve
1400 2488 1627 2527 accentum
1658 2495 1808 2543 gram-

261 2568 470 2614 maticum
519 2582 806 2635 numerorum
852 2570 1052 2614 accentui
1102 2561 1355 2633 repugnare
1399 2570 1610 2631 patiatur.
1691 2565 1804 2614 Cum

262 2664 408 2702 autem
448 2654 556 2701 haec
593 2656 687 2701 eius
725 2655 924 2719 rhythmi
970 2655 1143 2703 indoles
1167 2649 1445 2703 “a'c‘natura
1490 2657 1572 2711 sit,
1619 2662 1670 2701 ut
1714 2671 1807 2701 non

263 2752 427 2790 certam
464 2742 656 2807 aliquam
696 2744 827 2789 animi
865 2742 1141 2792 affectionem
1178 2743 1404 2809 depingat,
1442 2760 1535 2790 non
1571 2741 1707 2790 modo
1745 2737 1806 2788 ibi

260 2833 434 2879 creticis
471 2831 597 2878 locus
635 2841 714 2887 est,
754 2829 829 2878 ubi
867 2849 936 2880 res
975 2832 1118 2880 media
1158 2841 1362 2880 versatur
1385 2833 1728 2896 in-ter‚quietem
1765 2838 1810 2878 et

260 2919 659 2985 perturbationem,
699 2918 776 2967 sed
813 2922 942 2968 etiam
969 2923 1103 2968 variis
1136 2923 1388 2969 animorum
1412 2918 1610 2968 motibus
1635 2933 1810 2966 accom—
