1985 3271
990 139 1057 190 30

250 273 464 342 piendum
499 273 694 324 videtur.
732 298 795 307 —
832 291 876 322 v.
910 262 1032 325 '2982
1079 274 1491 324 »dedecorantse«
1535 276 1638 326 libri
1685 293 1786 326 cum

251 363 308 412 A.
343 391 407 400 —
439 382 484 412 v.
511 363 631 412 300:
676 364 921 413 »consilia«
966 363 1116 413 Herm.
1153 364 1273 424 Rit.;
1318 365 1614 430 »praecepta«
1663 365 1786 430 apud

249 451 400 501 Fleck.
436 453 639 518 legitur-
1471 452 1475 456 ’

248 539 370 587 Nihil
405 541 710 606 interponitur
744 550 790 590 et
821 543 996 590 numeri
1029 550 1148 590 recte
1177 540 1457 608 procedunt,
1503 543 1542 591 si
1576 549 1786 590 revocata

249 629 454 677 codicum
491 632 716 693 scriptura
750 632 813 676 ita
848 639 1045 677 statuas:

451 716 532 766 His
569 734 652 783 ego
689 716 745 766 de
781 716 952 765 artibus
988 716 1175 782 gratiam
1212 715 1341 775 facio,

518 804 587 854 Ne
624 805 759 863 colas,
796 822 851 854 ne
885 804 1059 854 imbuas
1094 806 1336 871 ingenium.

299 900 414 955 (295)
448 891 554 942 Meo
591 891 727 940 modo
764 892 1045 965 etz-moribus
1081 892 1221 941 vivito
1258 891 1475 958 antiquis:

521 981 646 1044 Quae
682 983 767 1047 ego
803 980 885 1029 tibi
921 984 1165 1046 praecipio,
1205 982 1257 1030 ea
1291 980 1441 1029 facito.

449 1068 572 1118 Nihil
606 1087 690 1135 ego
727 1069 840 1118 istos
876 1087 1031 1118 moror
1067 1069 1239 1118 saeceos
1276 1070 1437 1127 ῐηότεε,

393 1150 396 1153 ’
519 1156 768 1215 Tui-bidos,
806 1157 906 1223 quis
944 1157 1053 1206 boni
1090 1157 1362 1206 dedecorant
1397 1174 1458 1207 se.

447 1245 569 1312 Haec
604 1245 686 1294 tibi
723 1245 762 1294 si
796 1249 1000 1310 capesses
1034 1262 1132 1294 mea
1166 1248 1368 1311 imperia,

296 1343 410 1394 (300)
513 1334 657 1382 Ml'llta
692 1333 812 1381 bona
849 1336 895 1381 in
928 1336 1112 1399 pectore
1147 1333 1394 1382 consident.

244 1420 326 1469 Est
369 1431 566 1487 systema
619 1427 823 1470 accurate
872 1423 1188 1487 compositum.
1243 1421 1336 1468 'De
1380 1418 1483 1469 solo'
1526 1421 1568 1469 v.
1595 1419 1692 1471 296
1736 1420 1782 1469 id

245 1509 444 1558 dubitari
467 1520 653 1575 potest,
698 1520 850 1558 utrum
885 1510 1165 1558 catalecticus
1200 1511 1399 1558 trimeter
1441 1511 1502 1558 sit
1544 1527 1600 1558 an
1636 1519 1782 1557 acata-

243 1598 407 1647 lectus:
441 1599 546 1647 licet
579 1601 695 1647 enim
732 1601 863 1647 etiam
898 1600 962 1646 sic
997 1598 1188 1646 dimetiri
1224 1597 1385 1663 pedes:

451 1685 576 1748 Quae
614 1690 698 1753 ego
736 1687 819 1735 tibi
854 1689 1082 1752 praecipio
1113 1704 1163 1735 ea
1198 1686 1347 1743 facito,

245 1774 369 1823 aliud
406 1791 588 1841 quoque
624 1776 760 1823 latere
795 1785 948 1841 potest
988 1778 1032 1823 in
1072 1775 1203 1824 codd.
1231 1776 1454 1823 'memoria
1502 1776 1780 1840 »praecipito

244 1873 331 1921 et«,
370 1865 438 1912 vel
477 1873 593 1921 »et«,
630 1873 685 1911 ut
718 1864 830 1911 male
868 1880 894 1911 a
925 1863 1121 1911 librariis
1158 1863 1375 1921 additum,
1415 1863 1549 1912 deleri
1583 1863 1705 1911 licet:

450 1951 575 2014 Quae
613 1954 697 2017 ego
732 1950 816 1999 tibi
853 1953 1081 2017 praecipio
1118 1950 1266 2009 facito,

245 2041 298 2088 de
333 2043 536 2088 trimetro
573 2049 720 2087 autem
756 2041 850 2087 noli
887 2040 1109 2088 dubitare.
1154 2071 1209 2078 —
1238 2058 1280 2088 v.
1308 2038 1407 2088 298
1431 2049 1583 2087 utrum
1620 2041 1780 2104 »quis«

244 2147 300 2177 an
337 2129 564 2193 »quibus«
603 2127 838 2185 scribatur,
877 2129 934 2176 ad
970 2145 1181 2176 numeros
1217 2129 1328 2175 nihil
1362 2130 1560 2176 interest.

345 2216 405 2266 Ut
457 2217 545 2265 hoc
588 2216 688 2263 loco
723 2217 953 2264 -creticum
1008 2218 1254 2264 trimetrum
1309 2218 1526 2264 canticum
1577 2214 1781 2263 claudere

242 2305 460 2364 vidimus,
499 2307 561 2352 ita
596 2305 728 2352 etiam
762 2304 1033 2369 praecedens
1073 2304 1326 2352 Trinummi
1368 2306 1588 2352 canticum
1626 2303 1780 2351 eodem

242 2410 377 2442 versu
414 2394 650 2450 clauditur,
689 2409 732 2440 v.
760 2392 880 2441 275:

448 2480 514 2529 Εό
551 2482 657 2529 mihi
694 2482 834 2547 magis
871 2481 997 2529 lubet
1031 2482 1128 2529 clim
1165 2480 1339 2545 probis,
1376 2481 1531 2546 potius
1569 2495 1700 2546 quam

447 2568 562 2619 Cum
598 2570 816 2635 improbis
854 2570 1003 2617 vivere
1039 2568 1269 2617 vam'dicis.

243 2677 391 2710 »unat
428 2668 537 2725 post
571 2658 786 2724 »probis«
822 2660 1013 2707 inseruit
1047 2658 1156 2714 Rit„
1195 2659 1372 2706 »veris«
1410 2655 1678 2722 Geppertus.

340 2748 513 2796 Eodem
548 2746 686 2794 modo
722 2750 908 2795 creticus
947 2748 1143 2794 trimeter
1177 2745 1400 2794 clausulae
1444 2748 1539 2794 vice
1574 2743 1780 2809 fungitur

238 2837 402 2886 Bacch.
428 2853 472 2884 V.
502 2833 656 2884 1116:

444 2924 516 2972 Pt.
555 2923 647 2986 Qui
681 2923 803 2971 scis?
836 2923 892 2971 N.
930 2923 1051 2971 Vidi.
1088 2922 1159 2970 Pt.
1197 2921 1283 2970 Hei
1318 2922 1425 2970 mihi
1461 2920 1657 2984 disperii.
