1985 3271
996 136 1058 185 19

449 271 555 322 Nax
590 272 745 322 datur:
781 270 944 320 familia
982 272 1162 320 ducitur
1196 272 1307 329 tota,

250 371 358 420 aut,⁴
378 363 415 409 si
448 362 788 410 alliterationem
826 362 1014 408 reti-nere
1049 370 1263 424 praestat,
1303 376 1400 407 cum
1426 359 1517 407 Rit.
1545 363 1626 408 »ei«
1653 362 1790 410 inter-

248 452 481 515 ponimus,
531 448 656 513 quod
700 450 847 512 ipsum
889 447 1171 496 Hermannus
1216 450 1261 495 in
1307 448 1501 496 editione
1539 448 1788 496 Trinummi

248 537 351 585 olim
389 538 750 599 interposuerat.¹

349 624 523 686 Quodsi
575 624 684 672 haec
735 624 910 672 licentia
963 626 1007 671 in
1060 626 1193 672 tertio
1247 624 1360 689 pede
1410 642 1504 673 non
1549 625 1785 689 probatur,

245 712 387 762 multo
423 714 569 761 minus
594 712 839 761 Ritschelio
877 711 1209 760 concedendum
1236 712 1427 771 videtur,
1466 714 1664 779 singulas
1689 731 1787 762 cae-

246 818 373 849 suras
426 800 610 865 podicas
663 801 832 848 hiatum
888 810 930 847 et
981 799 1198 864 syllabam
1254 804 1487 866 ancipitem
1537 801 1783 850 admisisse.

244 887 398 953 Neque
443 905 549 936 vero
595 891 690 954 ipse
738 906 786 936 ea
833 888 928 954 lege
973 891 1151 953 saepius
1197 906 1305 937 usus
1352 899 1420 937 est
1456 905 1588 954 quam
1625 891 1782 938 semel:

244 977 367 1025 Pers.
405 994 447 1024 v.
475 975 598 1025 790:

444 1063 670 1111 Dordalus
708 1062 779 1111 hic
817 1063 1053 1129 quidemst.
1125 1063 1242 1125 Quin
1279 1063 1383 1111 iube
1419 1061 1556 1125 [eum]
1594 1065 1749 1113 adire?

189 1199 191 1201 ,
244 1151 516 1210 »DordaluS,
563 1154 731 1217 inquit,
776 1169 860 1218 pro
906 1154 1067 1201 cretico
1111 1162 1201 1210 est,
1249 1162 1300 1201 ut
1336 1152 1584 1218 Chrysalus
1621 1154 1782 1202 Bacch.

243 1238 483 1289 v.1112.«
552 1240 615 1289 At
666 1256 811 1305 neque
863 1257 918 1288 ex
978 1241 1064 1288 hoc
1108 1257 1242 1288 versu
1287 1240 1586 1289 defensionem
1633 1253 1781 1306 petere

240 1345 510 1393 possumUS‚
556 1345 655 1376 cum
691 1329 753 1376 ibi
789 1317 1083 1393 »Chrysalus«
1121 1329 1363 1376 secundum
1402 1329 1557 1394 pedem
1596 1330 1779 1379 efficiat:

442 1412 518 1464 ‘At
554 1416 658 1463 mihi
699 1415 945 1482 Chrysalus
983 1418 1196 1482 dptumus
1235 1417 1370 1464 homc')
1410 1414 1618 1479 [meum]‚

240 1515 283 1553 et
305 1505 508 1553 facillima
533 1506 720 1552 mutatio
747 1507 791 1552 in
818 1515 1030 1569 promptu
1056 1515 1145 1552 est:
1173 1505 1441 1553 »Dordalust
1465 1506 1536 1553 hic
1560 1506 1777 1570 quidem«

341 1593 423 1642 Sin
459 1603 620 1651 autem,
663 1602 716 1640 ut
751 1593 990 1641 Hermanni
1027 1592 1176 1639 verbis
1213 1602 1328 1647 utar,
1368 1593 1437 1639 vel
1475 1595 1777 1658 interpunctio

237 1683 380 1730 maior
420 1682 491 1730 vel
534 1697 752 1746 personae
798 1682 986 1728 mutatio
1033 1680 1101 1727 vel
1152 1680 1236 1727 alia
1281 1696 1573 1746 quaecunque
1617 1683 1777 1732 idonea

238 1786 370 1818 causa
405 1787 592 1836 pausam
629 1770 723 1818 fieri
760 1771 866 1817 sinit
901 1779 980 1817 aut
1013 1769 1229 1834 postulat,
1268 1768 1418 1817 hiatus
1446 1769 1776 1835 productioque

236 1858 386 1908 brevis
434 1859 633 1924 syllabae
676 1860 917 1906 invenitur.
990 1858 1151 1905 Veram
1199 1874 1294 1905 esse
1340 1858 1453 1906 hanc
1498 1859 1636 1923 legem
1674 1862 1774 1923 quis

235 1947 399 2012 neget?
452 1947 621 1995 Tamen
668 1949 763 1994 eius
801 1962 982 2011 quoque
1018 1946 1216 1992 licentiae
1252 1955 1341 1993 tam
1378 1963 1507 1993 rarus
1545 1964 1652 1993 usus
1691 1957 1772 2002 est,

235 2045 287 2082 ut
323 2052 379 2082 ex
413 2052 573 2083 novem
612 2033 698 2082 fab.
737 2052 760 2081 a
785 2033 878 2081 Rit.
915 2033 1014 2081 edd.
1053 2050 1105 2080 ne
1143 2049 1281 2080 unum
1317 2033 1495 2097 quidem
1522 2035 1773 2098 exemplum

235 2122 389 2171 afferre
441 2125 638 2189 possim.
700 2110 1042 2184 Quibusenim
1088 2119 1291 2168 versibus
1337 2121 1616 2170 Hermannus
1662 2139 1773 2170 usus

236 2220 316 2266 est,
355 2213 393 2257 ei
430 2211 526 2257 aliis
563 2211 758 2256 numeris
796 2208 1077 2255 adscribendi
1103 2217 1222 2254 sunt.
1283 2208 1395 2255 Nam
1420 2208 1558 2256 Most.
1586 2226 1628 2256 v.
1657 2208 1769 2265 338,

234 2315 364 2364 quem
403 2296 560 2360 (Elem.
596 2315 642 2361 p.
669 2289 787 2357 207)
823 2300 1013 2362 permire
1050 2300 1112 2345 ita
1147 2297 1274 2361 legit:

435 2388 523 2435 Iam
559 2387 776 2434 revortar.
814 2386 892 2433 diu
933 2416 985 2423 -
1029 2388 1098 2433 est
1126 2389 1216 2431 'fam
1258 2413 1306 2419 -
1346 2383 1394 2431 1'd
1430 2385 1538 2431 mihi

234 2484 311 2522 aut
366 2478 552 2523 creticus
607 2475 791 2522 dimeter
840 2484 907 2522 est
960 2490 1059 2520 cum
1103 2473 1246 2521 troch.
1293 2470 1491 2536 tripodia
1536 2484 1619 2521 cat.
1666 2491 1774 2523 con-

232 2562 436 2611 iunctus:

432 2651 519 2698 Iam
555 2650 760 2698 revortar
796 2649 873 2697 diu
910 2651 979 2697 est
1006 2653 1112 2696 'sam'
1133 2649 1177 2696 id
1213 2648 1322 2695 mihi

231 2747 311 2786 aut
345 2741 532 2787 creticus
570 2741 786 2787 trimeter:

433 2826 520 2875 lam
557 2828 760 2876 revortar
795 2826 915 2875 diust
951 2827 1035 2873 iam
1072 2821 1119 2871 1'd
1155 2824 1288 2872 mihi}

231 2912 371 2963 Most.
410 2934 453 2964 v.
484 2914 576 2964 136
615 2918 708 2963 suis
746 2917 940 2962 numeris
977 2912 1247 2961 Ritschelius
1285 2915 1368 2960 iam
1407 2917 1622 2963 restituit:

1389 2996 1445 3037 2*
