1985 3271
957 77 988 124 9

950 276 1003 325 11.

248 432 277 440 .‚
311 384 524 440 lambini
555 394 601 435 et
635 385 854 436 octonarii
888 393 932 435 et
963 386 1204 451 septenarii
1227 394 1271 435 et
1294 386 1470 436 senarii.
1522 383 1590 434 De
1615 401 1744 434 sena-

206 478 285 527 riis
322 475 376 523 cf.
411 475 532 523 Men.
557 490 601 520 v.
627 471 740 529 352,
768 470 889 529 356,
936 472 1012 521 ubi
1058 475 1198 521 iuncti
1241 483 1348 522 sunt
1392 490 1491 521 cum
1536 472 1741 521 versibus

207 564 523 627 anapaesticis-t
567 570 794 625 praeterea
836 577 928 607 non
970 577 1200 625 nunquam
1236 561 1415 609 iambici>
1446 564 1664 608 octonarii
1698 571 1743 609 et

208 640 448 715 septenarii
484 651 530 695 in
564 646 801 696 iambicum
836 650 1058 697 senarium
1094 658 1283 706 exeunt,
1322 665 1411 713 qua
1448 665 1547 697 cum
1582 665 1630 696 re
1666 665 1742 696 co-

140 738 142 740 ’
204 737 384 792 haeret,
430 734 754 800 longitudinem
799 751 1035 792 versuum,
1080 738 1342 800 priusquam
1388 735 1445 783 ad
1490 736 1610 783 aliud
1651 753 1742 783 me-

201 832 324 874 trum
357 833 635 880 transeatur,
679 824 918 889 aliquoties
953 822 1173 887 gradatim
1209 826 1371 881 minui,
1418 825 1541 872 velut
1573 824 1738 872 Pseud.

207 923 253 964 γ’.
283 909 630 967 1327-1329,
667 910 745 958 ubi
781 909 995 958 iambicos
1021 914 1298 976 septenarios
1323 914 1524 961 senarius
1559 915 1738 977 excipit,

205 1015 397 1064 eumque
431 997 646 1047 iambicus
683 998 869 1047 dimeter
903 999 1204 1047 catalecticus:

340 1133 345 1137 .
383 1113 385 1115 ¹
904 1095 1041 1136 Simo.

273 1152 442 1202 Redeo.

889 1216 1054 1255 Pseud.

449 1291 593 1342 Simul
628 1309 796 1341 mecum
832 1291 849 1340 i
882 1302 1103 1358 potatum.

902 1383 1041 1424 Simo.

1011 1460 1171 1526 Egone
1204 1461 1332 1509 eam?

889 1544 1060 1586 Pseud.
1279 1566 1287 1571 -

1225 1601 1314 1650 Fac
1350 1602 1475 1669 quod
1510 1613 1553 1652 te
1590 1603 1737 1653 iubeo.

203 1678 208 1684 ²
273 1675 326 1739 Si
360 1692 399 1739 is
436 1690 515 1739 alit
540 1677 783 1739 ¹dimidium
819 1699 898 1760 aut
932 1688 1035 1755 plus
1071 1689 1344 1739 etiam'faxo
1382 1691 1487 1741 hinc
1521 1691 1647 1741 fereS.

901 1780 1040 1820 Simo.

446 1856 663 1907 E0.d1ic
697 1873 765 1905 me
801 1873 892 1923 quo
929 1860 1013 1905 vis.
1071 1856 1189 1920 Quid
1224 1858 1376 1906 nunc?

203 1959 282 2010 ubi
317 1939 428 2009 nihil
464 1958 750 2008 mutandum:
787 1940 889 2007 inde
925 1976 951 2006 a
978 1977 1019 2006 v.
1047 1957 1188 2017 1330,
1228 1977 1327 2009 cum
1353 1977 1498 2010 sermo
1524 1962 1612 2009 alio
1641 1979 1740 2011 ver·

203 2060 348 2117 tatur¹
393 2037 642 2115 sequuntur
676 2049 849 2096 numeri
891 2045 1053 2096 cretici.
1126 2048 1314 2098 Talibus
1350 2060 1495 2098 autem
1533 2050 1738 2101 versibus

203 2155 258 2187 ne
294 2140 384 2198 vim
419 2137 653 2184 afferamus
690 2135 934 2191 cavendum
971 2145 1052 2184 est.

313 2204 616 2276 Ῑαηὼίοοτιιιὴ
675 2225 1009 2271 octonariorum
1079 2224 1465 2288 hypermetrorum
1537 2226 1738 2289 exempla

207 2309 270 2372 (v.
305 2313 458 2381 Herm
492 2311 631 2375 Elem.
669 2310 811 2381 doctr.
850 2320 976 2359 metr.
1012 2329 1058 2376 p.
1085 2309 1198 2362 299.
1268 2311 1524 2360 Fleckeisen
1569 2313 1737 2378 Amph.

205 2419 248 2448 v.
280 2399 426 2459 1067)
463 2416 555 2447 non
590 2401 699 2446 satis
736 2407 957 2446 constant.

304 2487 545 2536 Maximam
590 2464 738 2535 autem
782 2485 1083 2537 difficultatem
1127 2486 1343 2554 praebent
1385 2504 1540 2536 versus
1577 2490 1736 2554 partim

203 2576 387 2624 iambice
422 2579 584 2639 partim
619 2576 843 2624 trochaice
879 2579 1139 2641 compositi,
1182 2587 1261 2624 aut
1295 2594 1350 2624 ex
1386 2577 1503 2624 binis
1538 2577 1737 2624 iambicis

198 2664 280 2713 vel:
308 2663 546 2712 trochaicis
572 2663 1057 2732 partibus'constructi
1092 2660 1156 2724 (v.
1178 2663 1319 2714 Stich.
1347 2684 1390 2714 v.
1410 2663 1441 2713 3
1458 2675 1564 2731 sqq.
1596 2664 1735 2714 Most.

201 2758 253 2801 zv.
271 2749 370 2801 899
395 2750 530 2816 sqq).
