1985 3271
980 124 1045 172 34

228 236 473 312 'coniuncti'
501 266 609 307 sunt
643 273 694 306 ac
724 257 835 306 loeis
861 260 1067 322 proxime
1103 257 1275 316 allatis,>
1300 257 1379 311 sed
1403 259 1581 316 inverso
1604 257 1777 317 ordine,

239 348 343 412 quia
389 363 436 395 se
490 348 741 411 excipiunt:
795 345 940 395 troeh.
988 348 1271 404 octonarius,
1326 347 1515 402 creticus
1537 329 1777 405 Jvtrimeter,

239 436 388 483 cretici
427 436 683 483 tetrametri.
736 433 827 491 Rit.
866 443 1028 491 autem,
1066 443 1119 481 ut
1152 443 1457 485 tetrametrum
1494 433 1678 490 faceret:
1735 466 1737 468 ν
1794 485 1802 501 ι

441 521 498 569 D.
535 521 690 570 L1'1dos
727 537 802 579 me¹
831 520 974 579 facitis
1011 521 1238 587 intellego.
1275 522 1406 570 ΥΤοις.
1462 519 1659 587 [DIgnus
1693 518 1778 582 effi]

430 607 536 655 *Vin
573 609 803 667 cinaedum
840 620 1008 657 novom
1044 608 1129 656 tibi
1166 608 1261 657 dari
1294 608 1603 675 Baegniumi'-

339 694 442 744 Non
480 695 667 755 dubito,
706 700 815 763 quin
853 700 982 745 etiam
1020 697 1138 746 Men.
1167 715 1211 745 v.
1237 696 1357 755 574,
1396 699 1474 763 qui
1515 696 1779 753 bacchiacus

237 793 493 834 tetrameter
529 785 656 833 catal.
694 795 762 833 est
797 785 921 850 apud
955 784 1272 833 Ritschelium:

513 871 687 920 Bonine
724 890 786 921 an.
817 872 922 921 mali
958 875 1062 929 sint,
1098 872 1145 920 id
1180 872 1292 920 ha1'1t
1327 873 1605 937 quaeritante

443 959 535 1007 Res
570 962 712 1025 magis
750 963 983 1025 quaeritur
1019 960 1150 1025 quam
1188 959 1412 1008 eluentt'lm
1448 960 1558 1012 fides
1594 960 1783 1026 quoius?

1053 1047 1175 1096 modi
1211 1047 1369 1106 clueat,

239 1151 325 1202 pro
362 1137 523 1185 cretico
560 1137 763 1185 trimetro
799 1135 1034 1185 habendus
1071 1139 1151 1185 sit:
1552 1201 1559 1206 .

513 1225 686 1272 Bonine
723 1242 778 1272 an
818 1226 920 1272 mali
957 1225 1061 1281 sint,
1099 1225 1146 1272 id
1181 1225 1291 1272 haut
1325 1226 1594 1289 quaeritant.-

342 1311 424 1361 His
471 1322 619 1361 autem
657 1313 896 1378 exemplis,
935 1329 1048 1377 quae
1092 1314 1241 1361 omnia
1287 1322 1404 1360 certa
1448 1312 1652 1360 codicum
1694 1311 1782 1367 fide

240 1401 451 1447 nituntur
478 1430 528 1438 -
554 1400 639 1447 alia
660 1402 773 1447 enim
794 1399 949 1447 afferre
970 1400 1094 1448 nolui
1123 1428 1174 1436 --
1199 1402 1284 1447 iam
1305 1399 1659 1455 demonstratum
1686 1416 1782 1454 esse

240 1486 434 1544 videtur,
473 1487 527 1535 de
564 1490 726 1535 cretico
762 1490 965 1535 trimetro
1002 1487 1126 1534 nullo
1164 1486 1301 1536 modo
1338 1486 1535 1536 dubitari
1567 1502 1719 1551 posse.

294 1688 373 1737 DE
410 1688 615 1737 VERSU
652 1688 823 1751 QUEM
859 1688 1118 1738 VOCANT
1155 1687 1470 1739 CRETICUM
1508 1687 1742 1740 TETRA-

381 1776 648 1825 METRUM
687 1776 1171 1826 CATALECTICUM
1204 1776 1264 1824 IN
1300 1771 1649 1825 SYLLABAM.

344 1925 389 1974 A
439 1927 610 1973 creticis
654 1926 868 1973 trimetris
912 1925 970 1973 ad
1014 1924 1137 1973 aliud
1183 1927 1446 1978 ereticorum
1487 1941 1630 1991 genus
1677 1942 1783 1990 pro-

243 2012 485 2078 gredimur,
525 2015 595 2060 eui
632 2030 729 2060 cum
768 2015 970 2061 trimetro
1010 2015 1217 2078 cognatio
1264 2012 1479 2078 quaedam
1515 2012 1783 2063 intercedere

244 2100 437 2148 videtur.
492 2100 606 2148 Dico
642 2117 819 2148 versum
858 2103 984 2148 euius
1022 2100 1165 2148 forma
1200 2100 1309 2148 haee
1343 2110 1461 2156 esta

568 2186 624 2220 ss
649 2210 698 2226 ψ
721 2214 776 2219 -
835 2187 890 2219 ,ι-
914 2211 964 2225 v
989 2213 1042 2219 -
1102 2187 1157 2219 -ν,
1182 2210 1232 2225 „2
1257 2210 1308 2225 ψ
1333 2209 1384 2225 „s
1407 2193 1463 2221 :z

229 2274 478 2340 indagavit
514 2292 614 2323 eum
652 2274 956 2333 Hermannus,
995 2277 1072 2340 qui
1109 2292 1197 2340 qua
1232 2286 1326 2324 erat
1369 2265 1521 2324 iudicii
1566 2274 1782 2339 elegantia

245 2373 289 2410 et
325 2364 615 2420 divinatione,
655 2379 911 2428 quanquam
939 2363 1142 2410 codicum
1169 2364 1347 2414 auxiliis
1383 2379 1542 2428 parum
1567 2361 1782 2410 audiutus

244 2454 542 2515 paucissimos
579 2461 753 2500 tantum
799 2454 895 2499 eius
930 2454 1104 2516 generis
1141 2468 1298 2501 versus
1335 2450 1665 2516 deprehendere
1699 2467 1784 2515 po-

244 2549 373 2596 terat,
411 2548 560 2586 tamen
596 2556 748 2586 eorum
785 2538 974 2586 formam
1010 2556 1101 2587 non
1124 2538 1322 2588 fortuitis
1348 2538 1613 2603 corruptelis
1639 2546 1783 2595 ortam

245 2645 340 2675 esse
378 2628 531 2675 subito
568 2628 801 2685 intellexit.
855 2625 985 2675 Nune
1021 2626 1074 2673 de
1111 2643 1245 2681 versu
1279 2628 1380 2691 ipso
1421 2626 1531 2686 nihil
1576 2609 1661 2673 iam
1699 2624 1784 2672 du-

245 2715 475 2763 bitationis
511 2716 714 2763 relietum
751 2724 831 2771 est,
868 2714 948 2762 sed
983 2715 1209 2762 metricam
1254 2716 1350 2763 eius
1387 2712 1784 2774 conformationem

246 2813 291 2852 et
324 2813 596 2853 structuram
632 2821 726 2852 non
763 2803 915 2851 eodem
955 2803 1091 2852 modo
1128 2803 1403 2868 exploratam
1441 2819 1537 2852 esse
1571 2800 1781 2852 arbitror.
