1985 3271
977 144 1038 190 10

967 345 1039 394 111.

336 451 461 500 Varii
498 452 729 512 breviores
766 469 923 502 versus
958 463 1010 513 et
1044 453 1265 503 trochaici¹
1294 464 1339 503 et
1372 451 1546 504 iambici
1582 459 1774 521 generis,

234 556 351 606 quos
371 540 456 587 sub
477 538 1029 589 clausularum-nomine
1055 541 1430 607 comprehendere
1456 544 1568 592 licet.
1606 540 1776 593 Eorum

233 642 344 676 usus
381 629 516 676 latius
551 628 748 693 patebat,
786 645 919 693 quam
950 629 1151 678 editores
1187 639 1482 678 statuerunt.-·
1508 629 1778 684 <Confirmat

232 717 322 765 hoc
365 716 714 765 etiam-Marius
749 716 1013 764 Victorinus
1061 733 1105 781 p.
1132 716 1290 765 2524:
1335 717 1587 765 »clausulae
1629 719 1777 775 solent

233 806 280 852 in
318 806 499 851 canticis
535 806 677 869 magis
713 820 847 869 quam
885 802 1120 860 diverbiis,
1159 819 1273 868 quae
1299 820 1365 851 ex
1398 807 1601 853 trimetro
1638 807 1778 871 magis
1838 800 1840 802 ¹

235 893 514 948 consistunt,
554 892 785 947 collocari,
834 901 877 939 et
911 890 1307 956 praecipueapud
1342 891 1556 940 Plautum·
1587 902 1631 940 et
1659 892 1780 941 -Nae-

237 982 377 1027 vium·
405 988 450 1026 et
491 978 768 1027 Afranium«
838 978 1047 1027 Plautum
1094 980 1563 1045 igiturprimo¹loco
1610 982 1776 1046 posuit,

237 1067 498 1115 Terentium
544 1084 598 1115 ne
644 1069 893 1115 nominavit
938 1066 1132 1132 quidem.
1205 1066 1318 1116 Cum
1355 1077 1502 1116 autem
1539 1067 1779 1117 Terentius

234 1171 326 1202 non
363 1172 465 1202 raro
503 1157 566 1201 eis
608 1164 786 1212 utatur,
831 1154 1041 1202 Plautum
1087 1171 1160 1203 eas
1196 1154 1438 1203 admodum
1474 1154 1779 1226 frequentasse

235 1242 533 1307 colligendum
573 1251 654 1289 est.
1693 1240 1699 1251 “

972 1329 1050 1379 1V.

338 1432 681 1501 Anap'aestioi
725 1438 942 1485 octonarii
985 1446 1030 1485 et
1065 1439 1326 1501 septenarii:
1372 1437 1548 1486 dimetri
1583 1447 1626 1487 et
1661 1448 1781 1487 cata-

237 1527 377 1575 lectici
415 1536 460 1574 et
483 1525 708 1574 acatalecti
735 1522 811 1585 (cs.
835 1525 957 1574 Men.
982 1525 1032 1581 Il,
1060 1524 1125 1585 3),
1160 1542 1240 1573 nec
1271 1543 1362 1573 non
1397 1536 1674 1575 monometer
1700 1527 1780 1575 ad-

236 1617 461 1671 miscetur,
492 1630 748 1679 quanquam
777 1611 1103 1673 rarissime'(cf.
1124 1614 1243 1661 Men.
1265 1632 1308 1661 v.
1323 1612 1455 1673 364).
1492 1614 1780 1680 Anapaestici

237 1688 458 1750 octonarii
494 1718 625 1766 saepe
662 1718 687 1747 a
723 1701 961 1748 trochaicis
988 1703 1230 1749 octonariis
1255 1704 1333 1766 vix
1358 1701 1546 1751 discerni
1570 1713 1778 1769 possunt,

236 1809 335 1839 eum
371 1790 561 1838 Plautus
598 1776 851 1837 trechaico's
898 1792 1156 1837 octonarios
1201 1788 1442 1854 spondaice
1474 1797 1530 1838 'et
1565 1774 1780 1855 dactylici}

236 1894 507 1943 componere
533 1886 663 1924 amet.
721 1874 928 1931 Ceterum
956 1879 1108 1942 negari
1133 1878 1301 1942 nequit,
1339 1876 1487 1925 Plauti
1512 1887 1779 1943 anapaestos

236 1966 359 2014 haud
403 1982 507 2014 raro
553 1947 738 2011 auribus
782 1965 1017 2012 horrorem
1063 1967 1247 2021 inicere,
1295 1955 1551 2030 quanquam
1594 1981 1645 2012 ea
1688 1982 1780 2013 non

236 2064 326 2103 tam
361 2060 522 2118 poetae
560 2053 690 2117 culpa
727 2053 1052 2121 esse‘videtur,
1091 2053 1430 2118 quam'linguae'
1445 2051 1628 2110 latinae,
1666 2052 1797 2118 quae

238 2142 447 2191 omnibus
485 2142 718 2191 vocabulis
757 2143 972 2207 oxytonis
1010 2158 1163 2189 carens
1201 2144 1342 2190 invita
1376 2143 1422 2190 in
1458 2139 1543 2190 hos
1569 2157 1780 2190 numeros

237 2233 430 2297 cogitur.
484 2231 693 2278 Plautum
731 2229 909 2294 quidem
940 2231 1061 2275 omni
1088 2244 1223 2293 opera
1244 2230 1414 2276 enisum
1441 2242 1535 2276 esse
1561 2228 1778 2286 videmus,

235 2330 289 2367 ut
331 2319 557 2367 reluctans
601 2319 779 2383 linguae
823 2313 1051 2383 ingenium
1100 2316 1407 2381 opprimeret,
1448 2307 1592 2381 neque
1635 2326 1781 2364 tamen

238 2409 479 2472 oppressit.
536 2404 707 2455 Contra
730 2406 774 2453 T
778 2398 1076 2454 erentiu'm'ex
1102 2414 1195 2452 arte
1228 2402 1382 2470 fecisse
1417 2414 1643 2469 putamus,
1682 2403 1780 2453 cu'm

236 2494 325 2543 hoc
362 2511 573 2542 versuum
611 2511 773 2559 genere
810 2495 992 2541 omnino
1030 2488 1288 2540 abstineret.

981 2628 1038 2675 V.

337 2733 629 2785 Bae-chiam·
652 2736 1198 2793 hexametri‚=tetrametri,
1223 2735 1427 2791 trimetri,
1449 2733 1642 2782 dimetri.
1678 2732 1783 2781 Tri·-

236 2834 406 2875 metros
444 2824 622 2891 quidem
661 2826 745 2871 iam
783 2823 1062 2873 Hermannus
1093 2822 1231 2872 Elem.
1270 2821 1411 2871 doctr.
1448 2832 1574 2874 metr.
1611 2838 1658 2888 p.
1683 2819 1781 2871 299
