1985 3271
986 132 1052 178 40

897 199 954 206 ...ψ

247 277 448 334 praestat
492 267 678 316 »iubet«
724 267 844 316 nude
886 269 1088 333 positum
1131 275 1184 315 ut
1217 266 1341 315 Pers·
1377 283 1421 315 V.
1451 264 1566 320 236.
1638 265 1785 331 Quare

246 357 320 404 hic
355 356 532 422 quidem
570 357 813 404 Hermanni
849 371 1031 413 versus,
1070 356 1153 403 etsi
1187 344 1279 403 non
1315 364 1485 413 certus,
1524 364 1671 413 tamen
1707 354 1787 411 ad-

246 444 430 492 modum
467 443 834 509 probabilis-est.

347 532 451 581 Non
487 532 596 580 nulii
633 542 781 580 autem
818 532 891 581 alii
927 547 1085 580 versus
1117 530 1173 580 ab
1198 530 1448 581 editoribus
1471 531 1658 598 neglecti
1682 546 1786 581 ean-

245 619 345 668 dem
381 619 568 670 formam
606 619 793 668 habent:

243 707 402 758 Eiusd.
441 725 483 756 v.
515 705 668 757 1286:
1579 740 1581 743 .
1704 761 1706 763 ,

447 794 529 844 Set
564 795 673 862 quid
710 795 830 845 hoc?
865 796 955 861 quo
994 794 1165 843 modo?
1199 793 1307 860 quid
1344 794 1475 846 video
1512 793 1631 862 ego?

242 885 307 932 Ita
353 886 468 931 enim
513 884 573 931 A.
610 894 751 932 recte:
798 894 907 932 »tu«
954 886 998 931 in
1045 884 1228 948 reliquis
1272 883 1397 932 libris
1442 894 1543 932 ante
1589 883 1784 932 »video«

242 974 459 1020 insertum
499 981 542 1019 et
578 971 688 1020 falsa
724 974 990 1037 repetitione
1028 973 1256 1037 sequentis
1283 970 1481 1038 syllabae
1505 974 1610 1020 »vi«
1636 981 1785 1021 ortum

242 1077 339 1108 esse
376 1059 556 1108 videtur
599 1070 644 1109 et
687 1062 936 1125 corrumpit
971 1062 1249 1108 sententiam.
1319 1060 1485 1109 Parum
1518 1069 1637 1109 recte
1670 1059 1786 1109 Her-

241 1164 456 1197 mannus:
1735 1180 1738 1183 -

447 1234 529 1284 Set
566 1234 676 1301 quid
712 1234 832 1283 hoci’
869 1234 1135 1301 quomodo?
1169 1234 1277 1302 quid
1312 1234 1398 1285 tu?
1433 1234 1564 1284 video
1601 1232 1719 1301 ego?

240 1323 514 1372 Ritschelius
553 1323 693 1390 »quid
731 1326 792 1372 ita
827 1324 959 1372 video
996 1341 1114 1389 ego«
1158 1326 1368 1383 coniecit,
1415 1324 1495 1373 sed
1529 1323 1785 1373 abeundum

239 1430 333 1460 non
371 1422 466 1459 erat
500 1429 526 1459 a
561 1412 661 1459 cod.
699 1412 755 1460 A.
794 1415 1030 1478 scriptura.
1575 1401 1580 1405 ⁷

238 1500 418 1551 Eisdem
455 1502 652 1548 numeris
689 1510 893 1548 constare
932 1500 1110 1548 videtur
1145 1499 1287 1548 eiusd.
1325 1518 1367 1548 v.
1399 1498 1550 1549 1288:

444 1588 604 1636 Libere
641 1589 788 1636 hercle
825 1590 912 1638 hoc
948 1589 1149 1654 quidem:
1186 1591 1255 1637 set
1289 1588 1392 1637 vide
1428 1598 1613 1643 statum.

241 1676 508 1742 Quanquam
548 1679 662 1724 enim
701 1676 862 1725 »vide«
897 1680 1194 1743 posteriorem
1231 1687 1275 1725 et
1309 1677 1488 1743 longam
1526 1687 1570 1726 et
1603 1676 1783 1726 brevem

238 1766 405 1814 habere
440 1774 613 1831 potest,
652 1775 798 1814 tamen
837 1765 926 1815 sere
963 1783 1138 1833 semper
1173 1776 1428 1832 correptum
1465 1769 1704 1824 invenitur,
1741 1776 1785 1816 et

239 1870 397 1903 versus
433 1853 545 1903 bene
581 1856 792 1903 convenit
826 1856 1178 1920 antistrophicae
1212 1857 1393 1903 rationi.

237 1942 395 1991 Eiusd.
437 1959 477 1990 v.
519 1940 643 1990 1291
691 1942 743 1990 de
796 1945 941 2008 priori
993 1952 1167 1991 tantum
1209 1952 1336 2007 parte
1378 1941 1574 1991 dubitari
1614 1951 1781 2009 potest,

239 2047 338 2078 cum
376 2031 427 2078 B.
465 2029 697 2095 praebeat:

443 2116 535 2167 Sed
570 2118 658 2165 hoc
692 2135 760 2165 me
795 2127 924 2166 votat
957 2120 1046 2166 vim
1082 2117 1393 2177 facere‘nunc,

239 2215 396 2254 contra
441 2208 484 2253 in
521 2206 578 2254 A.
616 2205 672 2253 ab
715 2208 842 2254 initio
888 2222 1045 2254 versus
1080 2206 1328 2255 Ritscheiio
1375 2215 1472 2254 »set
1505 2206 1599 2254 illi«
1643 2222 1783 2272 appa-

237 2297 392 2342 ruerit.
472 2293 755 2343 Hermannus
800 2293 1038 2342 iambicum
1094 2294 1329 2344 dimetrum
1373 2295 1667 2344 acatalectum-
1706 2294 1783 2345 de-

239 2384 440 2446 scripsit:
1321 2442 1323 2444 Ι

444 2468 525 2517 Set
560 2470 647 2517 hoc
682 2472 752 2518 me
788 2479 918 2517 votat
951 2472 1039 2517 vim
1076 2468 1219 2519 facere
1253 2486 1388 2527 nunc,

235 2558 511 2607 Ritschelius
559 2562 767 2607 creticum
813 2558 1050 2608 dimetrum
1104 2575 1204 2607 cum
1254 2559 1401 2607 troch.
1445 2558 1642 2625 tripodia
1694 2567 1778 2607 cat.

237 2648 514 2712 composuit:

442 2733 523 2781 set
558 2734 619 2781 illi
657 2750 725 2781 me
760 2735 849 2782 hoc
885 2735 970 2782 vim
1009 2744 1137 2782 votat
1170 2733 1310 2783 facere
1346 2751 1465 2783 nunc
1500 2732 1626 2796 [iam]

236 2824 526 2888 transpositis
565 2823 710 2871 »hoc«
749 2832 792 2871 et
828 2825 979 2872 wim«
1023 2833 1066 2874 et
1101 2822 1256 2874 addito
1304 2825 1448 2874 »iam«
1493 2823 1573 2873 sed
1607 2822 1778 2874 adscito
