1985 3271
959 137 961 139 ’
998 142 1027 189 6

240 279 464 328 abstinere
501 281 643 327 satius
678 277 905 333 ducerent,
944 279 1201 342 composuit
1236 286 1281 325 et
1315 275 1555 326 ordinavit.
1610 273 1787 341 Quodsi

241 368 382 416 nihilo
421 370 568 416 minus
606 367 753 415 Plauti
791 369 960 414 cantica
996 383 1087 413 non
1124 366 1392 432 perpolivit,
1443 365 1647 415 oblivisci
1692 384 1786 416 non

241 456 470 512 debemus,
510 473 611 502 eum
647 455 851 503 codicum
888 472 1074 503 suorum
1112 456 1279 502 incerta
1315 453 1401 502 fide
1437 470 1613 519 semper
1647 457 1788 521 impe-

241 544 384 592 ditum
421 543 583 591 fuisse:
620 560 734 608 quae
771 546 870 606 ipsa
907 560 1041 590 causa
1077 541 1174 599 fuit,
1214 552 1265 590 ut
1299 560 1393 591 non
1422 559 1652 609 nunquam
1688 543 1788 591 lon-

244 634 347 697 gius
385 648 517 697 quam
557 647 673 696 opus
712 640 821 687 erat,
859 647 883 678 a
920 630 1045 679 libris
1082 629 1326 679 recederet:
1373 640 1603 697 praeterea
1639 640 1786 680 autem

247 721 420 784 aliquot
456 721 627 766 cantica
662 735 687 764 a
724 719 916 765 llbrariis
952 727 1040 764 tam
1080 718 1190 764 male
1215 717 1369 765 habita
1394 728 1587 776 exstant,
1626 728 1678 767 ut
1709 720 1787 766 vix

242 824 439 873 unquam
478 809 523 854 in
559 809 782 875 integrum
819 808 996 854 restitui
1035 808 1226 869 possint.

344 894 460 943 Post
511 892 817 942 Hermannum
868 873 1166 950 Ritschelius‚
1225 894 1303 959 qui
1357 868 1456 941 eum
1513 869 1788 960 optimorum

244 982 447 1030 codicum
504 983 764 1030 collationes
817 978 1007 1046 public'i
1030 978 1158 1033 iuris
1188 978 1375 1038 faceret,
1428 983 1474 1029 in
1517 992 1787 1048 perpetuum

244 1073 420 1136 egregie
465 1070 518 1117 de
556 1069 719 1117 Plauto
759 1071 944 1116 meritus
982 1078 1073 1124 est,
1124 1070 1169 1116 in
1215 1071 1277 1116 eis
1316 1086 1427 1133 quas
1465 1069 1613 1117 adhuc
1648 1070 1790 1119 edidit

243 1157 407 1206 fabulis
445 1158 530 1205 alia
567 1173 624 1205 ex
660 1155 877 1205 librorum
916 1158 1182 1204 auctoritate
1220 1155 1413 1221 refinxit,
1452 1156 1537 1205 alia
1568 1157 1787 1224 quaedam

244 1250 341 1310 ipse
376 1247 588 1301 restituit,
626 1245 767 1291 multa
789 1245 1072 1291 autem'satis
1099 1243 1234 1291 libere
1260 1243 1560 1292 consorma'vit
1586 1229 1789 1311 et's'aepe

246 1352 270 1383 a
306 1332 526 1382 librorum
564 1334 776 1381 memoria
813 1334 908 1380 sine
943 1333 1235 1381 iustacausa
1270 1330 1466 1382 recessit.
1502 1332 1625 1382 ⁴³Hac
1658 1336 1704 1383 ln
1740 1332 1789 1383 re

246 1432 290 1470 et
323 1421 597 1470 Ritschelius
633 1430 677 1468 et
712 1420 1025 1467 Fleckeisenus
1071 1420 1262 1487 plurima
1284 1419 1789 1490 corrigendarelique·

246 1522 366 1566 runt,
405 1527 504 1557 cum
541 1527 622 1574 per
658 1527 705 1556 se
741 1519 915 1572 pateat,
954 1526 1046 1555 non
1092 1525 1148 1555 ex
1195 1509 1419 1556 editorum
1443 1509 1665 1557 :arbitr-iis
1708 1509 1789 1558 sed

246 1614 305 1647 ex
349 1596 555 1646 codicum
601 1595 853 1646 aurifodina
899 1598 1079 1645 canticis
1125 1594 1342 1645 auxilium
1389 1593 1787 1663 peten‘dum'esse.

247 1686 517 1751 Quanquam
552 1692 700 1732 autem
738 1684 970 1741 confiteor,
1009 1683 1055 1732 in
1092 1685 1153 1732 eis
1185 1686 1381 1742 canticis,
1408 1683 1614 1752 'quoru'm
1643 1682 1790 1735 metfra

246 1774 587 1830 adhuc‘iacent‚
626 1773 837 1820 audaciae
874 1776 1045 1820 veniam
1073 1772 1301 1837 quandam·
1320 1775 1431 1829 esse,
1451 1782 1616 1822 tamen
1641 1775 1789 1822 -nes-lin

246 1863 318 1910 his
355 1861 535 1926 quidem
573 1860 629 1907 ad
665 1871 823 1925 poetae
860 1859 996 1908 verba
1020 1861 1296 1908 restituenda
1320 1861 1548 1908 audaciam
1575 1858 1790 1926 prodesse

247 1951 451 2015 apparet.
509 1947 620 2010 Quis
657 1950 771 1996 enim
794 1964 995 2014 uuquam
1033 1946 1119 1995 sibi
1147 1948 1450 2013 persuadebit,
1488 1948 1791 2019 Mostellaria

248 2048 374 2086 actus
412 2039 564 2103 quarti
608 2053 780 2084 scenam
828 2037 1011 2085 alteram
1056 2047 1154 2085 tam-
1191 2037 1324 2085 miras
1364 2037 1655 2103 corruptelas
1689 2048 1791 2104 pet·-

248 2142 423 2191 pessam
461 2141 572 2181 esse,
612 2134 662 2172 ut
687 2124 817 2172 nobis
845 2124 1138 2189 undeviginti,
1166 2124 1330 2190 quibus
1356 2131 1547 2184 constat,
1585 2124 1791 2176 versibus

248 2230 341 2260 non
378 2216 525 2259 minus
574 2228 707 2277 quam
752 2215 912 2277 viginti
958 2215 1042 2260 tria
1089 2212 1224 2259 verba
1266 2211 1787 2278 interponendaessent,

249 2316 442 2364 quorum
480 2299 658 2363 quidem
697 2300 867 2347 nullum
894 2301 1113 2369 sententia
1138 2298 1611 2364 efflagitatur‚=‘omnia
1631 2302 1792 2348 nume-

248 2403 404 2436 rorum
455 2403 588 2434 causa
632 2385 891 2435 adduntur.
942 2384 1130 2435 Talibus
1175 2388 1221 2435 in
1257 2384 1392 2435 rebus
1436 2385 1559 2436 haud
1598 2390 1719 2436 seio
1732 2399 1791 2436 ιιι

248 2478 441 2522 nescire
435 2491 538 2538 pro
577 2477 794 2538 sapientia
830 2473 1086 2522 habendum
1124 2477 1196 2531 sit,
1234 2485 1301 2522 et
1312 2491 1397 2532 nos
1424 2477 1635 2523 numeros
1660 2474 1791 2541 igno-

248 2580 347 2612 rare
385 2562 604 2611 fateamur
641 2564 862 2626 oporteat.

352 2649 553 2697 Tametsi
581 2661 687 2696 vero
711 2648 944 2698 Ritschelii
971 2652 1151 2715 ingenio
1176 2648 1404 2697 audaciam
1429 2650 1790 2716 quodammodo

249 2737 487 2792 condono,
523 2747 672 2785 tamen
709 2738 816 2784 mihi
851 2741 947 2804 ipse
975 2741 1028 2785 ·ἰιι
1067 2738 1150 2786 liac
1186 2738 1591 2803 disputatiuncula:
1616 2739 1663 2786 id
1705 2755 1792 2804 po·

249 2828 471 2874 tissimum
518 2824 767 2872 cavendum
811 2842 906 2874 esse
950 2826 1193 2874 arbitratus
1218 2827 1792 2883 -1sum,--1ne·.·detendo‚2>et

250 2912 458 2964 addendo
494 2923 539 2963 et
573 2913 670 2962 aliis
707 2917 941 2964 tormentis
977 2924 1066 2964 tam
1087 2914 1185 2964 diu
1216 2917 1488 2984 inquirerem
1521 2917 1568 2966 ἲιι
1600 2917 1788 2967 miseros
