1985 3271
933 84 997 132 43

302 220 544 285 Quaeri-tur
584 223 692 279 iam,
738 236 843 269 num
880 220 1067 268 Plautus
1110 220 1233 268 hunc
1272 236 1447 270 versum
1492 224 1622 271 etiam
1668 223 1733 272 sic

199 313 516 376 composuerit,
559 319 610 357 ut
644 310 839 373 tripodia
875 309 1099 356 trochaica
1133 311 1326 371 priorem
1365 319 1407 357 et
1443 313 1628 357 creticus
1664 310 1734 358 di-

196 408 335 450 meter
355 400 652 463 posteriorem
679 396 825 444 locum
850 406 1064 445 tenerent.
1117 395 1238 445 Nihil
1263 413 1368 444 sane
1393 396 1559 454 obstat,
1597 397 1731 464 idque

194 485 467 540 Ritschelius
509 494 627 533 recte
673 483 797 532 vidit.
868 483 953 532 Iste
999 493 1144 533 autem
1190 501 1368 542 versus,
1417 501 1547 551 quem
1584 485 1730 533 solum

195 576 258 622 ita
294 573 623 621 dimetiendum
648 588 744 620 esse
780 571 1022 620 arbitratus
1060 582 1140 627 est,
1175 573 1315 620 Most.
1354 590 1395 621 v.
1422 572 1542 621 315:

396 659 509 710 Nam
544 661 607 710 ιΊΙί
645 659 721 708 ubi
758 659 836 717 sui,
872 660 975 709 inde
1011 659 1147 726 effugi
1183 660 1318 718 foras,

196 765 288 797 non
325 747 484 797 dubito
522 751 630 816 quin
667 747 843 796 duabus
878 747 1086 813 tripudiis
1123 749 1360 796 trochaicis
1397 758 1593 798 constet:

397 836 508 886 Nam
545 838 607 887 illi
646 837 723 885 ubi
759 837 822 884 fui
859 836 960 884 inde
997 835 1131 902 effugi
1167 835 1301 884 foras.

195 923 274 973 sed
310 924 381 973 alii
414 925 507 973 huc
542 924 759 973 referendi
794 934 913 980 sunt,
951 923 1089 971 Most.
1116 941 1157 971 v.
1189 923 1306 972 111:

398 1012 537 1060 Venit
571 1011 710 1060 imber
744 1012 866 1069 lavit,
904 1012 1093 1076 parietes
1128 1012 1388 1077 perplount.

193 1098 354 1149 Eiusd.
381 1117 423 1148 v.
455 1099 571 1178 114:

394 1185 561 1251 'Atque
596 1186 708 1234 haut
743 1195 811 1234 est
843 1184 957 1233 fabri
993 1186 1136 1251 culpa,
1175 1196 1242 1234 set
1276 1187 1435 1253 magna
1469 1203 1576 1252 pars

192 1273 419 1322 Eiusd.-v.
450 1273 567 1321 152:

396 1361 547 1412 Cursu
583 1364 717 1411 armis
751 1378 867 1428 equo
904 1360 1157 1410 victitabam
1189 1347 1349 1426 ‘volup.

193 1466 386 1518 quorum
424 1453 614 1517 primum
640 1451 731 1499 Rit.
758 1452 965 1498 creticum
990 1459 1295 1498 tetrametrum
1322 1450 1437 1509 fecit,
1476 1453 1727 1517 »perlavit«

192 1538 405 1596 scribens,
443 1541 547 1587 item
584 1539 794 1595 alterum,
832 1537 944 1584 duce
979 1537 1234 1585 Hermanno
1274 1555 1383 1586 »ea«
1420 1542 1724 1605 interponens,

190 1629 370 1689 tertium
409 1637 570 1684 autem,
608 1627 796 1674 multum
822 1635 1047 1682 vexatum,
1085 1625 1365 1674 Hermannus
1391 1626 1529 1675 Elem.
1554 1645 1600 1693 p.
1628 1628 1725 1678 303

190 1716 410 1772 restituit,
465 1716 550 1762 nisi
594 1713 718 1780 quod
764 1713 855 1764 duo
900 1713 1105 1762 versiculi
1150 1715 1195 1761 in
1242 1731 1379 1762 unum
1425 1717 1725 1783 coniungendi

191 1812 330 1851 erant.
395 1802 499 1850 Non
544 1812 690 1850 autem
735 1812 802 1850 est
845 1801 1188 1868 neglegendum,
1235 1820 1277 1849 v.
1317 1802 1412 1850 114
1458 1813 1501 1851 et
1548 1822 1591 1851 v.
1631 1805 1724 1854 152

190 1891 317 1939 valde
354 1891 517 1938 similes
553 1894 668 1937 inter
703 1907 750 1938 se
787 1907 896 1947 esse,
936 1893 1039 1954 quia
1077 1892 1253 1954 utrique
1292 1908 1448 1939 versus
1484 1910 1539 1940 ex
1564 1896 1724 1941 cretico

191 1977 379 2028 dimetro
417 1988 461 2027 et
495 1978 691 2044 tripodia
726 1978 871 2027 troch.
910 1987 992 2025 cat.
1031 1980 1308 2043 compositus
1333 1982 1604 2045 praemissus
1642 1991 1723 2040 est,

189 2076 234 2115 et
269 2076 509 2132 utrumque
544 2066 797 2114 trochaicus
834 2068 1113 2132 septenarius
1149 2069 1367 2132 sequitur.

189 2153 396 2203 Dubitari
435 2163 585 2219 potest
619 2153 673 2201 dc
708 2153 845 2202 Most.
872 2172 914 2201 v.
945 2153 1060 2203 1382

390 2242 454 2289 Mi
491 2241 685 2289 adventu
722 2259 805 2289 suo
842 2243 1102 2307 grandinem
1138 2242 1322 2292 imbrem
1359 2245 1521 2293 attulit.

189 2338 233 2378 et
267 2329 409 2378 eiusd.
437 2347 476 2377 V.
507 2327 625 2377 783:
763 2387 765 2390 y

171 2433 173 2435 ’
390 2417 519 2466 Nunc
555 2417 674 2465 hunc
710 2417 894 2465 hauscio
933 2434 989 2465 an
1026 2419 1296 2484 conloquar:
1333 2420 1609 2486 congrediar.

288 2593 524 2641 Praeterea
576 2592 797 2641 creticus
852 2592 1068 2642 dimeter
1121 2597 1249 2642 etiam
1304 2611 1414 2644 cum
1456 2595 1721 2646 trochaica

187 2678 408 2744 dipodia
454 2679 750 2731 acatalecto
795 2685 1058 2731 coniunctus
1114 2685 1355 2732 invenitur.
1428 2683 1548 2733 Sunt
1606 2689 1720 2735 enim

186 2776 276 2815 tres
312 2768 611 2818 Mostellariae
649 2786 828 2828 versus,
872 2788 912 2817 v.
949 2769 1046 2820 339
1066 2800 1116 2809 --
1136 2770 1247 2830 341,
1286 2789 1310 2819 a
1344 2772 1508 2841 quibus
1546 2784 1720 2822 mutan-
