1985 3271
990 138 1052 186 16

437 270 559 322 Boni
595 272 681 320 sibi
716 272 826 321 haec
862 275 1097 338 expetunt,
1134 276 1227 323 rem
1263 274 1394 324 fidem
1429 271 1511 338 [et]
1547 275 1787 336 honorem,

238 362 342 409 item
379 363 423 409 in
460 364 662 409 trimetro
699 371 805 409 eret.
845 361 973 409 Trin.
1012 379 1054 409 v.
1081 361 1203 411 298:

443 447 675 497 Tui-bidos
713 448 813 513 qu1's
848 447 958 497 boni
996 448 1269 499 dedecorant
1303 467 1365 499 se.

237 536 305 585 De
339 537 462 584 Men.
502 554 545 585 v.
571 535 672 584 574
708 536 799 584 vid.
836 536 965 583 infra.

228 638 231 639 ’
340 625 535 673 Literam
560 641 639 672 »s«
665 625 711 672 in
748 622 1073 673 vocabulorum
1108 624 1195 673 fine
1227 624 1447 683 abs-trudi,
1484 627 1612 684 cuius
1648 626 1787 675 lieen-

237 715 325 761 tiae
353 713 540 761 Plautus
578 714 760 760 omnino
797 730 889 760 non
924 722 1015 760 tam
1052 717 1205 761 amans
1241 712 1328 762 fuit
1362 730 1495 779 quam
1524 714 1780 771 Terentius,

238 803 284 848 in
320 802 492 848 creticis
539 802 669 849 certis
713 800 928 865 exemplis
972 800 1269 850 demonstrari
1303 818 1398 850 non
1433 811 1599 867 potest.
1668 800 1782 850 Nam

238 887 366 936 Trin.
403 904 447 935 v.
475 886 597 936 283:

442 974 562 1023 Novi
599 992 683 1040 ego
720 974 809 1024 hoc
843 976 1072 1025 saeculum
1109 976 1311 1025 moribus
1349 975 1515 1043 quibus
1552 979 1649 1036 siet,

238 1072 283 1113 et
316 1062 461 1112 eiusd.
498 1080 544 1111 v.
571 1061 692 1112 298:

443 1150 691 1209 Turbidos,
729 1151 896 1218 quibus
932 1151 1041 1200 boni
1080 1151 1352 1201 dedecorant
1386 1169 1449 1210 se,

235 1238 458 1305 refugium
502 1240 670 1287 habent
712 1242 758 1288 in
803 1240 947 1288 forma
992 1243 1180 1305 »quis«,
1239 1250 1293 1288 ut
1336 1256 1523 1306 »mage«
1569 1238 1782 1289 latebram

234 1326 422 1393 praebet
455 1327 654 1375 eiusdem
690 1330 840 1376 versui
877 1325 999 1376 274:

442 1414 509 1463 Εό
546 1415 655 1463 mihi
689 1415 831 1481 magis
867 1414 993 1464 lubet
1029 1415 1128 1464 cum
1163 1414 1321 1480 probis
1356 1416 1510 1481 potius
1547 1416 1697 1481 quam.

234 1502 308 1552 Ex
340 1503 507 1551 Pseud.
545 1513 693 1551 autem
729 1502 935 1551 versibus
977 1501 1105 1551 1110
1141 1512 1185 1550 et
1225 1502 1374 1551 1111:

439 1589 539 1638 Nisi
575 1593 642 1638 uti
678 1607 774 1640 sese
809 1590 1028 1656 improbis
1065 1591 1236 1640 artibus
1273 1590 1544 1640 sustineant:

443 1677 558 1727 Cum
596 1678 665 1727 his
702 1680 811 1728 mihi
847 1681 929 1727 nee
964 1679 1091 1728 locus
1126 1697 1208 1728 nec
1243 1682 1390 1728 sermo
1428 1681 1651 1737 convenit,

234 1768 433 1833 priorem
480 1766 661 1832 quidem
705 1767 993 1817 acataleetum
1038 1766 1181 1817 facere
1229 1769 1380 1834 possis
1422 1770 1484 1817 ita
1528 1766 1781 1817 distributis

235 1854 452 1920 pedibus.

439 1941 538 1990 Nisi
574 1944 640 1990 uti
676 1958 771 1991 sese
805 1942 1026 2008 improbis
1063 1942 1236 1992 artibus
1272 1942 1536 2001 sustineant,
1566 1985 1568 1987 ,

235 2031 314 2079 sed
340 2031 515 2079 codices
540 2030 732 2095 prabent
756 2034 1023 2088 »teneant«,
1048 2031 1185 2096 idque
1211 2030 1387 2080 defendi
1411 2041 1576 2095 potest.
1621 2031 1784 2081 Poste-

234 2121 331 2168 rior
365 2130 512 2167 autem
549 2128 803 2167 tetrameter
838 2120 1105 2167 acatalectus
1142 2136 1240 2167 esse
1276 2119 1477 2167 videtur:

442 2205 557 2257 Cum
593 2206 664 2255 h1's
701 2208 808 2257 mihi
843 2210 926 2257 nee
961 2208 1087 2257 locus
1123 2210 1205 2256 nee
1240 2224 1386 2257 sermo
1408 2208 1645 2257 :convenit

338 2383 435 2430 Hoc
470 2385 572 2448 ipso
610 2401 745 2432 versu
781 2385 837 2432 ad
872 2385 1001 2432 aliam
1039 2386 1347 2450 quaestionem
1394 2384 1620 2440 ducimur,
1668 2398 1780 2447 qua-

234 2480 367 2519 tenus
403 2469 655 2520 molossus
693 2475 841 2521 cretici
881 2474 974 2521 vice
1010 2472 1137 2538 fungi
1173 2474 1335 2537 possit.

339 2558 454 2608 Cum
492 2561 607 2607 enim
633 2559 861 2608 Bentleius
888 2561 1135 2608 molossum
1160 2576 1245 2624 pro
1275 2561 1435 2606 cretico
1473 2559 1646 2606 admitti
1683 2569 1779 2604 mo·

234 2650 422 2703 nuisset‚
449 2646 733 2694 Hermannus
758 2650 801 2694 in
827 2648 966 2695 Elem.
991 2647 1134 2695 doctr.
1156 2656 1282 2694 metr.
1308 2663 1353 2710 p.
1375 2644 1472 2693 205
1498 2662 1596 2693 eum
1623 2644 1779 2711 pedem

232 2745 381 2784 tamen
418 2738 480 2782 ita
515 2737 752 2799 temperari
798 2737 941 2784 solere
985 2734 1132 2791 addit,
1180 2743 1260 2782 »ut
1304 2743 1383 2781 aut
1417 2743 1605 2799 propter
1639 2734 1780 2780 ambi-

232 2826 447 2889 guitatem
484 2840 718 2871 mensurae
755 2841 846 2871 non
882 2827 941 2872 sit
963 2824 1204 2880 molossus,
1243 2833 1321 2872 aut
1345 2840 1369 2870 a
1394 2824 1777 2887 pronuntiatione,

233 2923 460 2961 accentum
488 2912 634 2960 solum
662 2922 889 2977 sequente,
917 2911 1223 2961 obscuremus
1278 2910 1412 2974 Quod
1440 2920 1586 2958 autem
1612 2906 1780 2958 solere
