1985 3271
947 138 1009 185 33

214 265 325 336 ipse<
345 265 580 336 impedior.
635 270 750 322 Cum
786 274 900 321 enim
938 274 1119 320 amicam
1145 288 1271 319 suam
1308 267 1609 334 (Bacchidem)
1646 288 1746 320 cum

213 358 302 407 alio
338 352 578 408 scortatam
627 376 723 408 esse
756 369 950 426 putaret,
990 377 1120 408 omne
1155 378 1337 418 aurum,
1386 359 1511 425 quod
1554 370 1606 407 ut
1650 377 1743 407 eam

189 445 459 504 ,redimet-et,
499 446 803 496 fraudulenter
836 447 921 497 sibi
957 458 1215 513 paraverat,
1252 451 1347 513 ipse
1381 450 1501 513 patri
1535 446 1743 495 reddidit.

210 532 470 583 M'aleFacere
514 537 654 600 igitur
705 537 850 584 voluit
894 536 1125 595 Bacchidi,
1181 536 1259 585 sed
1302 553 1448 593 nunc,
1502 546 1745 600 postquam

209 618 322 669 falsa
358 623 612 686 suspicione
657 623 890 688 deceptum
927 641 974 673 se
1010 641 1105 672 esse
1141 624 1378 682 intellexit,
1416 623 1593 671 reddito
1631 641 1742 671 auro

211 711 298 756 iam
333 710 499 757 nullam
535 727 659 774 spem
695 714 790 758 eius
826 712 1105 760 redimendae
1141 713 1335 760 relictam
1375 711 1532 767 habet,
1572 720 1615 758 et
1650 727 1741 758 non

209 796 306 845 aliis
343 795 609 858 (Bacchidi),
647 798 726 846 sed
762 787 848 846 sibi
883 801 979 863 ipse
1014 801 1182 847 nocuit.
1238 799 1343 848 lnde
1379 799 1510 846 simul
1542 806 1742 863 apparet,

207 883 275 931 Pii
314 884 594 950 aliorumque
630 888 952 947 coniecturam,
999 903 1113 951 quae
1149 889 1280 934 etiam
1315 887 1599 934 Fleckeiseno
1637 902 1745 948 pro-

207 968 364 1023 batur.
412 973 731 1021 »malevolente
776 976 964 1039 genio«,
1021 973 1144 1039 quod
1189 991 1273 1021 nos
1319 974 1528 1021 dicimusz
1583 982 1745 1020 »unter

208 1061 347 1107 einem
383 1059 548 1109 hoesen
578 1060 711 1119 Stern
746 1062 974 1128 geboren«
1014 1079 1200 1126 prorsus
1237 1062 1501 1109 reiciendam
1538 1078 1647 1108 esse.
1677 1086 1743 1094 --

207 1146 299 1195 Sed
343 1157 395 1196 ut
439 1148 670 1197 redeamus
716 1149 835 1197 unde
880 1149 1069 1214 profecti
1114 1167 1293 1208 sumus,
1343 1168 1384 1197 v.
1422 1148 1518 1197 622
1566 1158 1610 1196 ct
1645 1146 1743 1196 624

207 1238 355 1284 cretici
390 1239 575 1285 trimetri
613 1247 739 1295 sunt,
776 1241 1022 1302 praemisso
1072 1241 1250 1303 utrique
1297 1255 1429 1288 versu
1476 1255 1531 1285 ex
1578 1239 1740 1285 cretico

207 1322 396 1373 dimetro
433 1334 477 1374 et
520 1326 664 1374 troch.
702 1326 898 1392 tripodia
945 1335 1029 1375 cat.
1068 1328 1344 1392 composito:
1390 1327 1616 1391 posterior
1660 1327 1741 1373 tri-

205 1416 565 1461 meter‘creticos
601 1431 812 1462 numeros
849 1415 1015 1462 claudit
1050 1425 1093 1462 et
1117 1417 1353 1462 transitum
1390 1423 1521 1478 parat
1554 1413 1611 1460 ad
1645 1421 1741 1460 tro·

206 1500 405 1548 chaicum
443 1485 736 1550 octonarium.

306 1589 412 1637 Item
457 1592 655 1640 trimeter
707 1591 892 1640 creticos
945 1606 1154 1641 numeros
1208 1589 1375 1640 claudit
1417 1598 1460 1640 et
1503 1592 1738 1640 transitum

205 1678 426 1740 paratad
460 1680 605 1726 troch.
644 1682 927 1727 octonarium
958 1680 1124 1728 Pseud.
1154 1698 1195 1726 v.
1227 1679 1379 1727 1119:

366 1799 369 1803 «
406 1766 530 1814 Leno
568 1766 644 1814 ubi
682 1770 799 1815 esset
834 1767 954 1815 domi
992 1785 1058 1815 me
1096 1767 1216 1815 aibat
1251 1769 1494 1815 arcessere:

473 1854 597 1902 Vero
634 1855 709 1902 ubi
747 1856 835 1903 non
874 1859 996 1903 venit
1030 1859 1111 1904 nec
1147 1865 1291 1912 vocat,

406 1940 552 1992 Venio
597 1941 686 1990 huc
727 1943 848 1991 ultro
895 1953 947 1991 ut
991 1945 1123 1992 sciam
1170 1943 1279 2007 quid
1323 1944 1385 1990 rei
1423 1944 1502 1999 sit,
1549 1958 1602 1990 ne
1648 1941 1737 1989 illic

1010 2032 1147 2079 homo
1184 2048 1251 2078 me
1287 2030 1552 2078 ludificetur.

204 2115 531 2168 Tetrametrum
569 2116 671 2167 fecit
703 2118 818 2167 Rit.=

404 2208 572 2276 Verum
608 2206 687 2254 ubi
722 2210 760 2254 is
796 2207 886 2255 non
923 2210 1045 2256 venit
1079 2209 1159 2255 nec
1195 2203 1481 2270 [manentem]
1520 2215 1651 2254 vocat

306 2294 430 2358 Quae
465 2295 699 2361 hucusque
735 2296 965 2345 attulimus
991 2299 1292 2346 trimetrorum
1329 2294 1544 2360 exempla,
1586 2295 1734 2342 omnia

201 2385 263 2432 ita
299 2383 453 2431 affecta
496 2392 641 2440 erant,
689 2393 737 2431 ut
783 2393 861 2431 aut
904 2385 1072 2432 alterna
1117 2393 1396 2432 tetrametros
1442 2391 1735 2447 sequerentur

201 2481 281 2519 aut
303 2472 526 2519 clausulae
550 2481 698 2519 essent
721 2482 942 2520 extremae
968 2477 1229 2521 ereticorum
1255 2475 1411 2536 partis.
1458 2471 1561 2542 Non
1588 2473 1733 2517 minus

201 2568 347 2607 autem
384 2560 557 2607 initium
595 2557 763 2608 faciunt
799 2561 969 2607 creticis
1005 2562 1213 2616 numeris,
1252 2569 1304 2607 ut
1337 2559 1462 2608 Pers.
1488 2576 1531 2606 v.
1558 2556 1681 2607 802:

470 2646 716 2696 D.,L1'1dos
753 2664 821 2695 me
857 2646 1000 2695 facitis
1037 2648 1262 2713 intellego.

401 2734 452 2781 F.
489 2734 581 2782 Vin
618 2736 846 2784 cinaedum
882 2753 1047 2784 novom
1085 2736 1168 2783 tibi
1206 2736 1301 2783 dari
1338 2731 1620 2799 Paegnium?

301 2819 577 2870 Praemissus
613 2834 681 2873 est
715 2824 860 2872 troch.
899 2825 1180 2872 octonarius:
1227 2823 1363 2872 eidem
1403 2825 1540 2886 igitur
1576 2836 1729 2869 versus

1384 2907 1406 2944 3
