1985 3271
969 121 1035 171 37

235 261 390 316 Eiusd.
418 277 461 309 v·
486 258 609 310 697:

435 347 539 398 Non
574 346 744 397 bonust
778 347 963 395 somnus
999 344 1053 394 de
1089 345 1304 411 prandio:
1342 362 1499 414 apage.

232 438 390 490 Eiusd.'
415 455 458 485 v.
485 435 605 485 702:

437 523 592 587 Quom
618 524 759 588 magis
794 522 943 589 cogito
980 522 1076 570 etim
1114 539 1212 570 meo
1249 524 1412 571 animo.

232 613 389 665 Eiusd.
414 630 457 661 v.
484 609 604 660 706:
687 675 689 678 y
1029 674 1033 678 Α

430 700 644 764 'Exsequi
679 700 799 747 certa
834 704 904 746 res
943 700 1011 746 est
1045 708 1096 746 ut
1131 697 1300 746 abeam.

231 790 325 844 Ad,
349 788 465 838 idem
498 786 759 853 ‘exemplum
807 787 936 835 etiam
976 802 1018 836 v.
1050 784 1146 835 703
1182 785 1346 835 factum
1384 784 1546 845 fuisse,
1595 789 1672 854 qui
1724 789 1770 836 in

230 879 356 928 libris
392 880 454 925 ita
489 877 676 941 legitur:

433 964 485 1015 Si
520 967 621 1030 quis
658 963 856 1012 dotatam
894 980 1082 1012 uxorem
1119 964 1254 1029 atque
1290 982 1421 1013 anum
1458 964 1607 1023 habet,

230 1056 321 1105 Rit.
359 1055 539 1111 statuit,
587 1061 631 1100 et
666 1061 781 1100 recte
818 1067 918 1099 eum
956 1053 1167 1099 statuisse
1204 1051 1414 1100 arbitror.
1479 1052 1624 1100 Facile
1671 1055 1771 1118 qui-

231 1144 329 1191 dem
364 1152 512 1207 putes,
551 1139 857 1187 choriambum
887 1141 931 1187 in
956 1139 1041 1187 fine
1067 1150 1184 1188 recte
1221 1157 1267 1188 se
1293 1140 1472 1197 habere,
1508 1143 1771 1206 praesertim

231 1248 329 1280 cum
366 1232 495 1278 etiam
533 1227 800 1293 praecedens
823 1230 1019 1276 'versusz

434 1316 579 1379 Quom
617 1318 756 1382 magis
794 1317 942 1381 cogito
980 1316 1078 1364 cum
1117 1332 1214 1365 meo
1252 1318 1415 1373 animo,

230 1408 268 1454 si
305 1422 470 1469 »meo«,
501 1414 647 1452 totum
675 1405 854 1460 eliseris‚
893 1406 939 1451 in
974 1403 1061 1451 fine
1086 1403 1392 1451 choriambum
1418 1402 1582 1452 habere
1604 1408 1766 1469 possit,

231 1502 364 1557 atque
387 1491 505 1550 inde,
544 1490 723 1539 duobus
748 1490 833 1539 illis
857 1490 1096 1556 generibus
1123 1508 1223 1539 cum
1247 1493 1448 1540 trimetro
1475 1495 1767 1558 comparatis:

550 1693 604 1700 ,-
629 1689 679 1706 v
703 1693 780 1724 ,ἡ
815 1692 870 1698 -
895 1688 945 1704 ψ
969 1692 1046 1724 .-,
1082 1666 1365 1706 vvvv

548 1781 604 1787 -
628 1777 678 1793 „2
702 1781 778 1812 —‚
814 1777 1436 1812 ψψψψψψψψψ

225 1846 453 1910 posterior
506 1859 611 1908 pars
657 1842 875 1908 gradatim
926 1843 1190 1908 amplificata
1241 1842 1459 1907 prodiret.
1530 1842 1621 1891 Sed
1666 1860 1763 1892 cum

225 1950 316 1981 non
355 1933 462 1980 satis
500 1940 633 1997 cogat
676 1930 784 1979 haec
828 1933 1134 1989 ratiocinatio,
1179 1929 1460 1997 probabilius
1499 1930 1676 1980 videtur
1719 1934 1765 1980 in

224 2019 455 2069 Ritschelii
493 2023 753 2069 sententiam
799 2019 1122 2068 transeundum
1160 2036 1270 2068 esse.
1337 2020 1604 2086 Quanquam
1648 2022 1764 2071 enim

224 2107 272 2157 id
307 2109 431 2173 quod
467 2111 562 2174 ipse
597 2111 889 2173 interposuit:

426 2196 479 2246 Si
514 2200 614 2263 quis
640 2197 836 2246 dotatam
864 2212 1051 2245 uxorem
1090 2197 1222 2262 atque
1248 2213 1381 2245 anum
1411 2193 1586 2258 [bomo]
1613 2196 1761 2255 habet,

224 2302 316 2334 nou
351 2286 509 2351 placet,
546 2296 691 2335 tamen
728 2295 807 2334 aut
842 2303 995 2334 »eam«
1033 2287 1258 2350 interponi
1295 2286 1413 2333 licet:

429 2373 481 2423 Si
516 2376 615 2440 quis
652 2374 851 2422 dotatam
886 2390 1078 2422 uxorem
1114 2373 1244 2438 atque
1282 2370 1413 2434 [eam]
1452 2390 1586 2422 anum
1611 2373 1760 2433 habet,

225 2471 303 2511 aut
338 2456 596 2511 traiectione
631 2455 888 2511 succurrere
924 2478 1193 2526 possumus:

428 2548 479 2599 S1'
514 2552 615 2616 quis
652 2549 848 2599 dotatam
886 2567 1075 2599 uxorem
1113 2551 1244 2615 aitque
1280 2547 1417 2598 habet
1453 2568 1601 2607 anum,

222 2637 311 2684 hoc
355 2639 582 2702 posterius
626 2637 966 2703 praeferendum
1022 2654 1117 2686 esse
1164 2637 1304 2694 duco,
1357 2640 1613 2703 praesertim
1660 2654 1759 2686 cum

223 2727 353 2773 etiam
393 2743 435 2773 v.
461 2722 559 2774 696
598 2743 772 2775 »anus«
811 2727 1013 2775 ultimum
1050 2727 1196 2774 locum
1232 2736 1394 2774 teneat·

323 2813 416 2864 Alii
452 2829 635 2885 quoque
671 2813 867 2866 eiusdem
904 2830 1086 2864 scaenae
1114 2830 1269 2866 versus
1306 2815 1394 2867 huc
1417 2823 1616 2884 spectare
1652 2830 1757 2882 pos-
