1985 3271
983 149 1043 199 15

246 285 426 340 dantur.
481 285 651 353 ltaque
696 294 743 336 et
783 290 1069 352 protervitati
1102 285 1318 337 Pseuduli
1357 283 1441 347 (V,
1470 283 1520 347 2)
1555 295 1780 351 aptantur,

245 378 324 442 qui
349 378 455 423 vino
480 375 662 423 madens
687 392 809 423 erum
835 393 966 424 suum
994 371 1262 431 ludificatur,
1290 385 1334 424 et
1357 375 1633 424 Menaechmi
1659 374 1709 434 (l,
1731 373 1782 434 2)

244 466 375 512 minis
411 473 545 529 atque
580 464 814 520 conviciis,
859 464 1027 529 quibus
1069 480 1256 512 uxorem
1292 466 1337 512 in
1373 463 1557 512 domum
1593 462 1780 526 repellit,

245 568 389 617 neque
432 552 580 598 minus
615 550 879 600 Mnesilochi
927 551 1108 614 (Bacch.
1134 550 1233 602 620
1256 550 1377 618 sqq.)
1425 551 1781 617 desperationem

244 638 455 695 reddunt,
481 654 613 704 quam
638 641 925 706 impotentem
953 641 1159 707 Chrysali
1185 640 1364 701 (Bacch.
1384 640 1461 697 IV,
1484 639 1536 700 4)
1556 640 1780 688 laetitiam.

334 723 1060 791 ὦίσεηίἱαηιφνθεοάἱαοαηι,
1106 739 1157 777 ut
1190 729 1306 777 hanc
1346 745 1438 776 rem
1475 730 1669 793 primum
1704 727 1785 774 ab·-

246 815 442 872 solvam,
486 832 589 863 raro
626 814 803 864 admisit
836 828 994 882 poeta,
1040 817 1228 873 nullam,
1267 833 1381 881 quae
1416 818 1591 864 senario
1629 816 1784 863 exclu-

247 902 451 951 debatur.
511 902 646 965 Quod
682 914 732 952 ut
767 904 999 969 probetur,
1039 904 1214 970 singula
1250 904 1452 968 exempla
1489 913 1589 952 ante
1624 904 1780 951 oculos

245 998 469 1056 ponamus
494 1000 689 1056 oportet.
732 991 798 1040 Ea
823 994 920 1041 sola
940 995 1112 1041 licentia
1132 1018 1194 1027 -
1215 994 1252 1040 si
1276 992 1412 1040 modo
1439 993 1612 1039 licentia
1637 994 1781 1039 nomi-

245 1081 342 1127 nari
379 1089 530 1145 potest
554 1104 616 1112 —
644 1083 784 1146 magis
810 1097 942 1147 quam
977 1084 1020 1129 in
1046 1084 1220 1129 senario
1246 1080 1566 1146 frequentatur,
1605 1090 1654 1128 ut
1677 1096 1785 1145 pro-

245 1170 428 1215 nomina
462 1168 616 1225 »mihi,
641 1168 737 1226 tibi,
765 1165 921 1229 sibit-²)
945 1171 1239 1233 posteriorem
1266 1169 1482 1233 syllabam
1511 1168 1779 1233 producant.

245 1254 478 1304 Praeterea
514 1266 695 1314 autem,
721 1260 757 1305 si
786 1274 874 1305 veos
910 1273 1066 1305 versus
1102 1258 1341 1313 mittimus,
1380 1272 1571 1320 quorum
1607 1257 1783 1303 numeri

246 1358 339 1390 non
375 1354 604 1402 constant,
642 1345 750 1393 haec
786 1362 927 1409 pauca
963 1344 1163 1392 notanda
1198 1353 1306 1392 sunt
1340 1346 1386 1391 in
1411 1351 1584 1392 'novem
1619 1342 1784 1390 fabulis

245 1445 270 1477 a
306 1430 398 1479 Rit.
435 1431 800 1481 editisz-'P-seud.
838 1450 879 1480 v.
910 1431 1065 1481 1131:

449 1519 605 1568 Venus
642 1521 749 1568 mihi
785 1520 894 1568 baec
927 1519 1049 1568 bona
1083 1519 1194 1577 dat,
1226 1536 1363 1585 quom
1397 1519 1484 1566 hos
1521 1519 1609 1566 h1'1c
1644 1518 1787 1584 adigit

1377 1605 1618 1670 hicrisugas

247 1691 329 1754 (ita
364 1696 478 1742 enim
514 1704 632 1744 recte
665 1692 740 1756 A.)
777 1694 982 1743 »Venus«
1019 1694 1402 1760 monosyllabum,
1440 1704 1493 1742 ut
1526 1697 1570 1742 in
1607 1696 1782 1743 senario
1827 1701 1830 1705 '

245 1781 410 1831 Bacch.
445 1799 489 1831 v.
518 1781 612 1831 115
650 1790 694 1831 et
729 1792 1001 1831 »venustas«
1038 1799 1169 1848 saepe
1206 1781 1489 1848 disyllabum.

249 1867 385 1918 »Ille«
422 1878 466 1917 et
501 1872 644 1917 »iste«
678 1871 875 1934 priorem
912 1872 1163 1935 corripiunt
1199 1870 1325 1917 Trin.
1364 1886 1407 1917 v.
1434 1867 1556 1918 246:

446 1957 527 2006 'Et‘
553 1960 670 2006 istuc
702 1967 749 2010 et
783 1960 819 2005 si
857 1958 1046 2022 amplius
1084 1957 1150 2005 vis
1187 1958 1297 2013 dari,
1337 1957 1540 2014 dabitur,

247 2046 325 2111 qui
359 2044 586 2111 praecedit
616 2050 791 2106 ‘ver-sus,
828 2044 1018 2093 sortasse
1052 2047 1114 2092 ita
1150 2044 1436 2093 scribendus:

449 2130 526 2182 'lbi
561 2128 807 2195 [illae].ille
843 2133 1049 2181 cuculus:
1088 2150 1114 2181 o
1153 2134 1289 2182 ocelle
1325 2136 1398 2191 mi,
1437 2132 1530 2181 fiat.

248 2222 425 2271 »Boni«
462 2223 756 2288 posteriorem
793 2224 980 2287 corripit
1019 2250 1072 2260 —-
1114 2223 1200 2270 hoc
1235 2225 1349 2271 enim
1390 2225 1553 2270 rectius
1590 2220 1781 2280 videtur,

250 2327 382 2377 quam
418 2309 780 2375 monosyllabum
816 2319 1011 2360 statuere
1048 2337 1111 2345 —
1149 2311 1276 2359 Trin.
1315 2329 1357 2358 v.
1385 2310 1505 2358 272:

333 2491 363 2541 ι)
403 2490 544 2538 Quodsi
578 2502 656 2529 eam
693 2488 970 2542 productionem
1006 2491 1123 2545 magis
1162 2504 1273 2543 quam
1308 2490 1345 2529 in
1382 2490 1533 2530 senariis
1561 2488 1785 2543 frequentari

250 2565 349 2613 dieo,
386 2564 610 2603 monendum
648 2569 731 2622 est,
759 2565 797 2604 in
825 2563 1011 2605 Ritschelii
1040 2572 1075 2605 et
1102 2564 1324 2605 Fleckeiseni
1354 2565 1574 2604 editionibus
1604 2578 1682 2604 eam
1711 2578 1782 2603 non

245 2639 402 2678 'inveniri
429 2640 465 2677 in
494 2639 656 2679 senariis.
698 2637 918 2680 Ritschelius
947 2640 1042 2678 enim
1071 2640 1108 2678 in
1133 2638 1296 2692 Prolegg.
1325 2652 1360 2692 p.
1382 2638 1460 2678 170
1489 2639 1578 2678 hanc
1606 2639 1785 2678 licentiam

244 2712 294 2752 :ad
323 2709 422 2751 solos
458 2713 607 2752 creticos
641 2701 818 2765 pertinere
850 2704 1045 2762 statuerat,
1081 2720 1116 2753 et
1150 2720 1381 2765 persuaserat
1409 2712 1652 2752 Fleckeiseno.
1710 2713 1784 2753 Sed

244 2787 357 2826 «etiam
378 2800 441 2839 per
460 2792 581 2825 totum
602 2788 785 2826 senarium
805 2787 900 2827 idem
920 2786 1064 2827 licuisse
1084 2788 1135 2833 (v.
1158 2787 1268 2828 Poen.
1291 2789 1317 2837 l,
1339 2789 1374 2837 1,
1395 2789 1458 2828 23.
1480 2788 1567 2828 cist.
1586 2787 1651 2836 lv,
1667 2788 1703 2835 2,
1719 2787 1784 2827 54.

248 2861 349 2901 Rud.
372 2875 403 2900 v.
420 2860 510 2901 108.
532 2860 620 2914 Cap.
640 2876 674 2900 v.
693 2861 787 2912 716)
807 2861 918 2902 etalii
937 2869 1041 2902 antea
1059 2861 1320 2911 intellexerant,
1343 2869 1378 2902 et
1395 2876 1493 2901 nunc
1512 2862 1731 2901 Ritschelius
1750 2868 1785 2901 et

246 2933 505 2976 Fleckeisenus
530 2936 601 2989 ipsi
629 2943 842 2990 agnoscunt.
