1985 3271
947 103 1012 152 24

207 239 424 290 Pseuduli
476 251 656 289 versum
710 257 803 289 non
856 257 1046 305 prorsus
1091 240 1407 292 damnaverim.
1478 237 1560 289 Sin
1603 246 1751 290 autem

208 309 458 378 mutatione
495 347 610 395 opus
636 339 716 388 est,
754 331 1014 391 traiectione
1038 328 1254 379 iambicus
1280 329 1465 379 dimeter
1486 331 1752 379 acataleetus

210 417 480 466 conformari
520 427 697 482 potest:

417 506 491 553 Tu
528 506 656 570 prior
691 506 812 553 adire
846 515 900 553 ut
935 506 1142 569 6ccupes.

212 591 420 642 Ceterum
456 593 662 642 Weisius
709 603 753 642 et
786 592 1058 641 Ritschelius
1112 594 1261 643 eiectis
1313 603 1425 643 »ut«
1463 599 1521 644 “et
1571 591 1786 643 »adire«-

211 684 430 729 creticum
459 681 695 728 dimetrum
731 680 874 729 facere
909 684 1057 729 conati
1093 691 1222 730 sunt:

419 769 495 817 Tu
530 772 655 835 prior
693 770 899 835 6ccupes‚

212 867 256 904 et
302 859 387 904 iam
424 857 619 905 Bothius
669 857 851 905 »adire«
890 857 1126 911 deleverat.
1196 856 1261 906 At
1297 855 1351 906 cf.
1386 857 1525 907 Most.
1563 873 1606 905 v.
1633 853 1753 906 566:

213 955 311 993 »set
348 945 580 1010 occupabo
618 945 787 993 adires
1281 950 1285 952 ’

570 1159 649 1207 ΒΕ
686 1159 1076 1209 HEXAMETRO
1117 1158 1397 1210 CRETICO.

315 1294 476 1343 Utrum
508 1294 696 1342 Plautus
734 1295 1003 1343 hexametris
1041 1297 1212 1343 creticis
1250 1310 1360 1342 usus
1396 1296 1455 1342 sit
1488 1310 1639 1351 necne,
1675 1296 1756 1343 vix

214 1392 333 1432 certo
374 1383 650 1430 discreveris.
720 1382 965 1431 Rarissime
1002 1385 1116 1431 enim
1151 1383 1224 1431 hic
1259 1386 1424 1431 versus
1452 1384 1678 1431 invenitur
1713 1392 1756 1431 et

213 1471 291 1518 ubi
317 1474 558 1527 invenitur,
586 1471 711 1518 facile
736 1474 781 1518 in
808 1481 1110 1525 tetrametrum
1138 1481 1181 1519 et
1205 1471 1441 1518 dimetrum
1466 1470 1752 1535 disiungitur.

212 1558 354 1624 Apud
388 1559 683 1606 Ritschelium
722 1569 883 1616 autem,
932 1562 977 1606 ni
1013 1559 1156 1616 fallor,
1195 1560 1303 1609 haec
1339 1558 1431 1606 duo
1467 1568 1641 1607 tantum
1676 1574 1756 1607 ex-

213 1647 357 1711 empla
393 1647 617 1711 leguntur.
688 1647 809 1694 Men.
848 1649 892 1694 v}
919 1645 1040 1694 575:

417 1734 508 1781 Res
547 1736 685 1799 magis
724 1737 957 1799 quaeritur
992 1735 1125 1799 quzim
1160 1734 1382 1782 cluenti'lm
1405 1723 1540 1791 fides(
1569 1732 1757 1799 quoius-

1058 1815 1062 1818 *
1268 1822 1391 1870 modi
1428 1822 1584 1870 clueat.

215 1927 346 1977 quem
383 1912 446 1958 ita
482 1909 680 1958 dividere
715 1910 838 1958 licet:

415 1979 509 2047 Res
546 2001 685 2063 magis
723 2001 970 2064 quaeritur,
1010 2000 1143 2064 queim
1180 1998 1402 2047 cluentlim
1438 1997 1562 2055 fides,

420 2086 720 2147 Quoiusmodi
757 2087 914 2134 clueat.

376 2290 457 2344 Ego
487 2290 599 2344 :itque
627 2290 696 2330 hic.
726 2290 770 2330 B.
800 2290 897 2339 Quid
925 2289 994 2331 h6c
1024 2296 1079 2332 est
1106 2288 1229 2346 negdti
1256 2304 1342 2332 nam
1369 2290 1528 2332 amabo?

485 2367 576 2411 Quis
604 2364 671 2404 hais
700 2365 771 2403 huc
801 2379 888 2404 oves
918 2364 1065 2418 adegit?

212 2438 343 2479 Eiusd.
373 2453 408 2478 v.
431 2438 555 2478 1139:

375 2514 433 2551 Ne
462 2512 584 2551 bilant
614 2513 762 2563 quidem
792 2526 903 2564 quam
934 2526 954 2551 a
982 2512 1073 2565 pecii
1101 2519 1219 2552 cetero
1249 2512 1398 2553 absunt:

484 2585 625 2627 Stultae
654 2586 763 2639 aitque
792 2587 907 2627 malae
934 2587 1116 2628 videntur.

211 2661 343 2702 Eiusd.
372 2675 407 2701 v.
430 2659 556 2700 1140:

374 2734 623 2775 Revdrtamur
649 2733 745 2774 intro
775 2735 889 2775 sor6r.
920 2737 966 2776 N.
995 2734 1081 2776 Ilico
1111 2734 1236 2775 Ambae

484 2808 647 2848 Manete:
678 2808 745 2849 hae
775 2822 861 2850 oves
890 2808 1021 2850 volunt
1049 2823 1128 2849 vos.

213 2891 248 2923 et
275 2883 352 2924 aliis
380 2883 480 2924 locis.
