1985 3271
982 161 1044 209 35

243 288 473 364 vulgatur
514 297 631 345 enim
672 295 763 343 hoc
803 309 946 361 genus
990 294 1076 343 sub
1112 295 1294 343 nomine
1339 296 1488 343 cretici
1535 297 1781 345 tetrametri

244 386 483 436 catalectici
518 386 563 432 in
599 381 839 448 syllabam:
883 399 996 452 quae
1033 386 1249 432 sententia
1283 384 1585 432 Hermannum
1624 395 1781 433 aucto-

244 491 333 525 rem
370 471 521 530 habet,
558 472 636 536 qui
672 472 717 517 in
742 470 878 519 Elem.
903 476 950 536 p.
976 468 1074 519 216
1109 473 1170 519 ita
1200 471 1424 537 disputat:
1462 471 1600 520 »Eius
1624 482 1780 536 poste-

243 563 338 612 rior
360 575 480 624 pars,
506 560 666 623 inquit,
705 574 818 623 quae
843 574 1019 622 sempe-r
1044 561 1237 623 primum
1266 568 1482 624 paeonem
1509 558 1658 616 habet,
1686 576 1779 607 non

245 656 313 699 est
345 645 533 712 dipodia
566 645 791 712 trochaica
827 645 903 694 sed
941 648 1143 705 creticus,
1182 649 1253 696 cui
1290 647 1372 695 alia
1396 649 1509 696 arsis
1534 646 1778 696 subicitur:

984 738 1089 754 vv

802 755 1222 771 —v———-

1091 770 1104 792 9

243 822 309 872 Ita
351 819 530 887 quidem
576 820 874 870 Hermannus.
946 820 1065 870 Sunt
1106 831 1253 870 tamen
1306 822 1556 887 complures
1603 838 1775 880 causae,

246 925 359 975 quae
402 911 566 957 rectius
610 911 657 956 in
709 909 838 956 aliam
884 910 1141 972 opinionem
1195 927 1281 958 nos
1325 910 1500 958 trahere
1557 910 1778 958 videntur.

243 996 442 1045 Primum
478 998 592 1043 enim
629 997 675 1043 in
710 995 796 1043 fine
822 995 1002 1044 alterius
1028 996 1153 1061 pedis
1177 997 1328 1045 hiatus
1353 1006 1397 1044 et
1420 996 1592 1062 syllaba
1617 1013 1778 1062 anceps

244 1101 337 1133 non
383 1086 697 1140 inveniuntur,
752 1098 866 1148 quae
918 1093 1065 1131 tamen
1118 1085 1293 1132 licentia
1338 1087 1382 1132 in
1435 1085 1556 1132 hune
1598 1100 1780 1150 quoque

245 1189 423 1222 versum
460 1172 614 1220 eadere
650 1171 854 1229 deberet,
899 1174 936 1220 si
973 1173 1149 1237 quidem
1186 1183 1403 1238 quattuor
1444 1173 1637 1238 pedibus
1674 1191 1781 1221 con·

245 1269 404 1318 staret,
450 1262 619 1325 quippe
662 1276 775 1325 quae
823 1262 1006 1326 propria
1052 1262 1111 1309 sit
1154 1263 1314 1310 cretico
1352 1270 1625 1310 tetrametro.
1689 1259 1781 1309 Sed

245 1348 465 1405 concedo,
503 1364 595 1395 non
631 1357 701 1395 tot
735 1350 829 1395 eius
864 1350 1038 1413 generis
1074 1365 1232 1397 versus
1268 1348 1401 1396 nobis
1437 1364 1690 1414 superesse,
1728 1357 1781 1396 ut

245 1435 350 1483 inde
383 1437 490 1482 certi
525 1435 694 1500 aliquid
730 1435 876 1499 colligi
911 1435 1061 1484 liceat:
1097 1453 1203 1483 casu
1239 1438 1355 1483 enim
1392 1436 1586 1500 quodam
1624 1452 1681 1483 ex
1716 1438 1778 1483 eis

245 1522 466 1580 versibus,
505 1524 582 1587 qui
618 1524 781 1570 servati
818 1532 947 1579 sunt,
986 1523 1135 1570 nullus
1180 1525 1266 1570 ista
1310 1523 1483 1571 licentia
1528 1540 1637 1570 usus
1684 1538 1780 1570 esse

243 1620 409 1675 potest.
465 1610 612 1672 Quare
649 1610 753 1658 huic
777 1610 955 1674 quidem
983 1621 1246 1676 argumento
1283 1628 1375 1659 non
1400 1611 1589 1658 multum
1612 1609 1782 1659 tribue-

244 1699 344 1748 rim.
400 1698 594 1748 Gravius
631 1708 776 1747 autem
811 1708 1084 1747 momentum
1120 1701 1166 1747 in
1192 1699 1278 1746 hoc
1303 1700 1500 1763 positum
1538 1708 1618 1756 est,
1657 1698 1782 1764 quod

245 1786 368 1835 nulla
409 1802 599 1852 prorsus
645 1803 778 1834 causa
821 1787 1113 1851 intellegitur,
1170 1802 1249 1834 cur
1293 1786 1449 1834 ultima
1493 1787 1610 1834 tertii
1654 1786 1780 1850 pedis

246 1890 420 1939 semper
454 1876 501 1922 in
536 1873 649 1922 duas
683 1873 841 1922 breves
885 1873 1080 1939 syllabas
1116 1874 1264 1922 soluta
1298 1876 1371 1923 sit.
1435 1872 1623 1939 Semper
1664 1875 1779 1922 enim

245 1948 653 2026 haec'posterioris
687 1964 828 2026 partis
864 1964 1033 2027 species
1069 1971 1158 2010 est:

834 2071 1193 2087 ννννν

244 2133 478 2185 Praeterea
513 2153 606 2186 non
641 2136 788 2195 video,
827 2152 918 2203 quo
956 2134 1091 2184 modo
1128 2135 1217 2184 hoc
1247 2152 1397 2195 versu,
1435 2152 1564 2202 quem
1589 2136 1780 2201 exempli

246 2226 389 2291 gratia
425 2223 579 2283 affero,
1753 2233 1757 2236 ’

447 2313 607 2361 Voluit
640 2314 684 2360 in
722 2311 973 2361 cubiculum
1011 2311 1227 2360 abducere
1263 2329 1332 2360 me
1367 2328 1479 2359 anus

246 2401 291 2449 in
327 2399 511 2465 syllabis
549 2417 624 2449 »re
658 2417 727 2449 me
763 2403 1022 2448 amictum
1060 2417 1226 2466 ponere
1270 2401 1628 2466 pronuntiationi
1673 2417 1780 2449 con-

246 2490 419 2537 veniat:
453 2491 545 2538 ictu
580 2498 726 2537 autem
763 2504 818 2537 ne
852 2491 1080 2552 posterior
1115 2488 1292 2553 quidem
1329 2490 1476 2536 cretici
1506 2488 1630 2559 pedis
1668 2491 1780 2536 arsis

246 2591 394 2624 carere
430 2586 593 2641 potest,
631 2579 713 2625 etsi
751 2579 896 2624 minus
931 2575 1089 2624 feritur
1133 2593 1263 2641 quam
1300 2578 1442 2639 prior.
1504 2576 1705 2640 Denique
1741 2578 1779 2623 si

247 2674 454 2729 quartum
492 2665 649 2729 pedem
685 2682 742 2713 ex
777 2682 867 2713 una
902 2664 997 2712 sola
1034 2663 1218 2728 syllaba,
1256 2679 1399 2728 eaque
1435 2665 1480 2711 in
1516 2666 1604 2711 arsi
1630 2665 1779 2728 posita

247 2762 451 2814 constare
487 2756 748 2811 statuimus,
793 2754 901 2801 haec
944 2752 1092 2800 subita
1137 2769 1424 2801 numerorum
1462 2750 1672 2817 abruptio
1717 2754 1780 2800 ita

247 2840 462 2889 abhorret
495 2858 520 2888 a
554 2852 789 2906 poetarum
826 2841 1066 2889 latinorum
1102 2858 1248 2900 more,
1295 2852 1474 2905 tamque
1517 2856 1699 2905 asperos
1736 2848 1780 2887 et

1390 2924 1456 2965 3*
