1985 3271
966 84 1025 142 4'1

230 234 353 285 »ilu-
398 248 455 281 ex
500 231 600 280 cod.
625 230 684 279 A.
742 229 862 301 Mihi
910 246 966 279 ex
1010 230 1251 294 posteriori
1292 231 1576 294 potissimum
1622 238 1760 294 parte,

228 338 343 389 quae
378 330 448 377 est
482 317 765 368 »vimfaeere
789 335 938 367 nunc«
964 316 1260 382 colligendum
1287 316 1478 372 videtur,
1517 318 1587 364 cui
1610 317 1763 382 generi

228 425 406 464 versus,
438 406 759 458 adscribendus
813 409 885 454 sit.
974 405 1107 454 Prior
1158 407 1274 453 enim
1326 422 1430 470 pars
1484 406 1760 470 transposito

229 499 375 548 »hoc«
412 495 536 545 facile
571 498 618 546 in
654 496 802 544 cretici
838 494 1013 555 dimetri
1047 511 1257 543 numeros
1295 493 1536 558 redigitur:

432 583 513 632 set
548 584 636 632 hoc
671 583 732 630 illi
769 585 838 631 me
874 592 1002 631 votat
1032 582 1123 631 ‘vim
1160 581 1301 630 facere
1336 598 1470 631 nunc.

228 672 362 726 Certa
396 682 465 721 est
497 688 569 720 res
606 670 660 719 de
695 670 835 719 eiusd.
874 689 917 719 v.
947 669 1098 720 1301:

352 816 354 820 μ
429 760 592 809 Suavis
626 761 781 808 ructus
818 759 993 807 mihist:
1029 760 1095 807 sic
1129 761 1222 807 sine
1257 759 1410 807 modo.

225 852 291 899 Ita
325 849 515 897 codices.
557 849 720 913 'Vulgo
757 857 903 896 autem
950 849 1043 895 ‘sic
1078 850 1171 896 sine
1208 845 1259 908 [i]
1295 848 1461 897 modo«
1497 865 1520 896 e
1557 847 1761 897 Gulielmi

226 938 436 987 Vei-isim.
462 937 503 993 1,
529 934 563 984 4
606 935 818 984 adscitur.
891 934 953 982 At
993 934 1271 993 pseudulus,
1317 938 1393 1001 qui
1440 936 1590 1001 paullo
1633 947 1763 985 antea

229 1024 342 1086 (vid.
372 1043 415 1071 v.
447 1023 589 1073 1284.
621 1022 767 1083 1285)
805 1039 898 1070 eam
940 1021 998 1069 ob
1036 1039 1211 1069 causam
1249 1022 1477 1070 Simonem
1513 1024 1646 1072 domo
1684 1042 1763 1072 ex-

227 1116 407 1169 civerat,
444 1123 497 1160 ut
521 1114 677 1177 viginti
715 1113 856 1158 minas
892 1108 948 1157 ab
985 1127 1037 1156 eo
1067 1112 1297 1175 acciperet,
1337 1127 1428 1175 quo
1467 1111 1602 1159 modo
1639 1122 1759 1169 tunc,

227 1199 304 1250 ubi
340 1201 512 1266 argenti
548 1199 746 1247 nondum
784 1199 1050 1246 mentionem
1089 1196 1204 1255 fecit,
1249 1196 1475 1247 Simonem
1512 1201 1574 1248 ire
1610 1198 1761 1249 iubere

225 1290 388 1356 possit,
425 1305 518 1336 non
543 1288 766 1352 intellego.
820 1286 1090 1335 Revocanda
1120 1296 1187 1335 est
1211 1286 1413 1335 codIcum
1439 1288 1584 1346 lectio,
1622 1305 1761 1354 eaque

225 1377 341 1425 hanc
374 1386 640 1441 potestatem
677 1366 834 1423 habet:
871 1378 995 1422 »sine
1032 1375 1167 1423 modo
1204 1392 1273 1424 me
1308 1375 1389 1424 tihi
1421 1379 1467 1425 in
1493 1393 1544 1427 os
1569 1387 1759 1434 ructare,

224 1481 327 1513 nam
361 1473 516 1512 ructus
552 1464 659 1511 mihi
695 1465 848 1511 suavis
884 1472 988 1511 est«

225 1552 381 1601 Eiusd.
421 1570 463 1599 v.
494 1551 644 1599 1312:

425 1637 601 1689 ‘Omnia
637 1649 688 1687 ut
722 1638 919 1705 quidque
955 1640 1084 1705 egisti
1121 1638 1277 1686 ordine
1312 1641 1427 1688 scio:

224 1746 317 1778 non
354 1738 507 1794 potest
540 1745 635 1777 esse
673 1730 859 1776 creticus
897 1725 1081 1776 dimeter
1127 1744 1223 1775 cum
1261 1728 1407 1775 troch.
1443 1727 1641 1793 tripodia
1676 1738 1758 1778 cat.

224 1819 527 1882 compositus,
573 1816 698 1883 quod
733 1816 1014 1865 Hermannus
1050 1825 1308 1882 putaverat:
1355 1816 1466 1865 duas
1503 1820 1616 1865 enim
1655 1834 1762 1865 con-

223 1901 434 1953 sonantes
479 1904 758 1970 praeeedenti
805 1904 1025 1953 vocabulo
1071 1907 1342 1970 positionem
1392 1904 1531 1953 facere
1565 1906 1760 1954 Plautini

222 1995 360 2041 moris
397 2010 488 2041 non
526 2002 606 2040 est.
676 1992 949 2040 Ritschelius
986 2009 1130 2058 »ego«
1168 1995 1460 2058 interposuit:

421 2079 597 2129 'Omnia
632 2089 684 2129 ut
719 2081 916 2146 quidque
953 2082 1081 2146 egisti
1119 2080 1274 2128 ordine
1311 2077 1435 2145 [ego]
1469 2082 1583 2128 scio:

223 2185 312 2234 qua
346 2171 592 2216 mutatiooe
628 2185 718 2216 non
755 2165 957 2233 egemus,
1004 2171 1109 2234 quia
1143 2170 1216 2216 hic
1261 2185 1441 2234 quoque
1487 2186 1644 2218 versus
1687 2172 1761 2217 isti

211 2259 372 2321 -generi
407 2256 727 2308 adscribendus
763 2266 844 2306 est.

300 2472 378 2521 DE
417 2470 694 2532 CRETICIS
732 2470 861 2523 CUM
898 2471 1264 2523 TROCHAICIS
1302 2471 1684 2523 COMPOSlTIS.

327 2607 594 2675 Quanquam
638 2611 785 2674 poetis
830 2609 977 2658 latinis
1022 2626 1113 2657 non
1157 2612 1193 2657 is
1237 2625 1335 2657 mos
1382 2619 1496 2666 erat,
1543 2619 1594 2657 ut
1627 2610 1759 2675 plura

222 2712 510 2744 numerorum
546 2714 708 2762 genera
744 2700 789 2745 in
826 2715 965 2746 unum
1002 2715 1178 2745 versum
1221 2701 1567 2763 coniungerent,
1611 2708 1757 2746 tamen

224 2786 372 2834 cretici
408 2801 505 2834 cum
543 2786 781 2835 trochaicis
818 2788 1054 2851 compositi
1080 2786 1204 2852 apud
1228 2786 1435 2836 Plautum
1461 2787 1646 2838 multum
1671 2784 1757 2834 fre-
