1985 3271
960 91 1044 169 ,²:⁹2

352 230 400 282 5.
451 205 721 297 Saepissime
761 247 881 298 cum
906 232 969 277 eis
1006 228 1211 293 versibus
1255 230 1590 287 consociantur,
1639 230 1716 295 qui
1761 245 1784 277 e

251 322 467 372 dimetro
502 319 694 369 cretico
731 326 784 368 et
816 316 1081 368 trochaica
1116 315 1348 382 tripodia
1383 317 1631 365 catalectica
1662 335 1783 366 com-

249 410 384 477 positi
420 417 542 464 sunt‚
581 407 719 456 Most.
757 425 796 454 v.
829 405 944 455 150:

451 493 544 543 Cor
579 493 713 551 dolet,
752 495 888 562 quom
923 495 1032 550 scio,
1069 502 1122 541 ut
1155 494 1273 540 minc
1306 509 1404 540 sum
1438 502 1572 557 atque
1608 501 1660 540 ut
1694 491 1780 539 sui:

399 604 401 607 ¹
450 582 551 645 Quo
587 599 731 648 neque
766 582 1014 630 industrior
1049 581 1104 629 de
1138 582 1370 629 iuventute
1404 589 1513 636 erat,

347 669 393 720 6.
445 669 559 742 Cum
598 669 801 719 versibus
837 668 968 718 binis
995 668 1245 732 tripodiis
1266 668 1544 718 trochaicis
1570 676 1781 717 constan·

243 754 421 821 tibus.¹)
488 759 626 807 Most.
665 776 708 806 v.
738 756 890 806 1302:

513 845 661 895 Credo
699 845 902 911 equidem
938 848 1059 911 potis
1097 847 1192 894 esse
1227 855 1285 903 te,
1321 846 1480 904 scelus,

443 933 623 982 Massici
658 934 822 981 montis
857 933 1126 982 uberrumos
1163 934 1380 999 quattuor

342 1020 388 1068 7.
442 1021 565 1069 Pers.
603 1039 645 1069 v.
673 1021 770 1069 758
795 1038 861 1087 sq.
916 1022 1304 1085 anapaesticum
1328 1024 1654 1085 paroemiacum
1681 1038 1775 1068 cre-

238 1111 326 1157 tico
363 1118 620 1157 tetrametro
658 1108 872 1175 subiungi
909 1127 1000 1158 non
1036 1109 1152 1174 fugit
1184 1110 1509 1157 Hermannum:

504 1194 580 1244 'Ite
614 1196 759 1245 foras:
796 1196 868 1244 hic
903 1197 1008 1244 volo
1046 1207 1147 1265 ante
1184 1198 1347 1244 ostium
1384 1206 1428 1245 et
1461 1197 1639 1244 ianuam

437 1283 567 1333 Meos
602 1285 840 1350 participes
875 1284 987 1333 bene
1023 1284 1234 1349 accipere.

507 1371 701 1421 Statuite
735 1373 808 1421 hic
842 1374 1056 1422 lectulos:
1100 1374 1255 1438 ponite
1290 1373 1362 1420 hic
1397 1388 1512 1438 quae
1547 1372 1771 1421 adsolent:

438 1461 523 1510 Hic
557 1462 694 1510 statui
732 1461 835 1509 volo
870 1464 1062 1527 primum
1099 1461 1322 1527 aquolam.

234 1548 416 1616 Anceps
450 1566 556 1598 vero
592 1549 803 1598 iudicium
839 1559 907 1598 est
943 1550 996 1598 de
1030 1549 1195 1599 Pseud.
1234 1538 1276 1596 v.
1303 1546 1424 1597 921:

437 1639 558 1686 Haec
594 1655 645 1685 ea
682 1639 921 1686 occasiost:
958 1638 1063 1686 dum
1099 1639 1171 1685 ille
1208 1637 1388 1694 dormit,
1427 1637 1532 1685 volo

436 1726 512 1775 Tu
546 1726 673 1791 prior
705 1736 757 1775 ut
793 1729 987 1792 occupes
1022 1726 1157 1775 adire.

232 1815 331 1863 Hoc
375 1816 491 1862 enim
534 1817 714 1862 unicum
750 1815 1000 1880 exemplum
1038 1831 1133 1861 esse
1170 1813 1348 1862 videtur
1381 1813 1555 1861 iambici
1593 1814 1768 1862 dimetri

231 1903 577 1968 hypercatalecti
604 1919 702 1950 cum
728 1906 891 1951 cretico
916 1913 1173 1952 tetrametro
1200 1905 1441 1959 coniuncti,
1478 1919 1620 1967 neque
1645 1903 1768 1967 apud

230 1991 493 2040 hacchiacos
528 1990 721 2056 quidem,
758 1993 836 2056 qui
870 1993 1127 2056 saepissime
1163 1991 1362 2039 iambicis
1395 1991 1604 2040 clausulis
1630 2001 1766 2039 utun-

231 2074 380 2140 tur‚²)
429 2079 613 2127 dimeter
658 2079 1041 2145 hypercatalectus
1089 2089 1234 2127 certus
1272 2090 1352 2128 est.
1425 2080 1592 2128 Tamen
1629 2083 1764 2127 istum

311 2286 343 2336 ι)
381 2285 603 2326 Trochaicae
637 2286 813 2339 tripediae
846 2300 920 2326 non
954 2299 1145 2339 nunquam
1186 2287 1380 2326 transitum
1422 2285 1560 2326 faciunt
1600 2287 1644 2326 ab
1686 2286 1764 2327 aliis

227 2361 389 2400 numeris
418 2360 463 2399 ad
492 2361 640 2399 creticos
670 2361 758 2408 (vid.
780 2362 914 2400 Pseud.
936 2376 971 2400 v.
986 2361 1078 2401 259.
1106 2362 1235 2400 Bacch.
1257 2376 1289 2400 v.
1305 2360 1419 2410 643),
1456 2368 1492 2401 et
1520 2363 1668 2401 omnino
1699 2376 1763 2414 ap-

227 2441 347 2487 petere
384 2434 502 2475 solent
536 2436 751 2475 ereticorum
790 2437 1020 2475 vicinitatem.
1077 2436 1148 2476 Sed
1186 2438 1293 2476 etiam
1331 2435 1409 2476 aliis
1439 2451 1614 2478 versuum
1653 2452 1761 2494 gene-

226 2509 329 2549 ribus
358 2522 417 2548 eas
447 2509 647 2558 admisceri,
676 2512 776 2549 omni
805 2510 1027 2550 dubitatione
1056 2517 1160 2550 caret.

307 2583 340 2634 2)
377 2583 658 2625 Bacchiacorum
694 2584 899 2638 principalis
936 2585 1098 2626 clausula
1131 2585 1308 2626 iambicus
1344 2586 1497 2626 dimeter
1536 2585 1761 2626 catalecticus

228 2664 293 2697 est.
337 2659 447 2698 Most.
477 2673 510 2698 v.
532 2658 602 2700 90:

387 2732 548 2773 Similem
578 2734 668 2774 esse*
686 2733 879 2774 arbitrarer
906 2733 1217 2787 simulacrumque
1245 2734 1393 2775 habere:

492 2807 532 2846 ld
558 2807 699 2860 repperi
726 2809 796 2847 iam
826 2807 1046 2859 exemplum.

189 2937 191 2939 -
222 2879 353 2921 Eiusd.
382 2894 416 2921 V.
437 2880 501 2926 98.
528 2895 564 2921 v.
585 2882 674 2923 102.
718 2883 833 2938 Saepe
861 2882 904 2921 ab
934 2881 1134 2922 editoribus
1162 2882 1334 2939 neglecta,
1365 2883 1464 2923 velut
1484 2882 1613 2923 Bacch.
1636 2882 1759 2923 1121:
