1985 3271
1009 67 1039 114 7

256 220 429 264 versus,
466 201 608 252 donec
634 200 833 250 creticos·
857 199 916 248 3se
949 216 1045 248 esse
1080 203 1222 248 coacti
1256 200 1589 265 profiterentur.
1641 204 1792 269 Atque

257 292 345 344 hoc
390 291 569 359 quidem
614 290 771 342 vitium
818 290 928 336 satis
965 304 1033 335 me
1069 290 1235 335 vitasse
1271 289 1379 336 mihi
1423 292 1630 337 conscius
1675 308 1789 339 sum.

256 376 626 445 Quotiescunque
644 378 766 424 enim
792 375 1036 441 peniculum
1065 375 1234 433 aderat,
1259 387 1311 424 ut
1335 394 1456 424 meos
1473 378 1608 425 'lusus
1631 388 1792 442 poetae

255 463 574 522 obtenderem,
600 480 672 512 ‘ex
714 463 850 518 altera
893 466 1035 529 parte·
1064 466 1256 513 Marium
1293 465 1574 514 Victorinum
1620 465 1677 514 ad
1724 483 1792 515 me

256 554 592 622 aggredientem·
621 550 772 600 videre
807 551 917 609 mihi
954 551 1161 610 videbar,
1199 556 1275 619 qui
1312 553 1421 601 haec
1452 569 1538 601 sua
1576 553 1710 602 verba
1745 556 1792 603 in

256 643 374 691 libro
408 642 631 704 descripta
677 640 784 686 mihi
807 641 923 686 *ante
957 641 1113 687 oculos
1150 640 1368 704 ponebat:
1406 658 1520 688 »non
1556 652 1689 706 turpe
1724 652 1793 689 est

253 728 424 795 aliquid
459 729 642 784 nescire,
680 724 774 782 sed,
795 727 839 774 in
861 724 1063 776 deterius
1089 728 1319 777 emendare
1342 731 1651 795 turpissimum
1676 741 1742 780 est
1755 748 1791 789 ι,

254 833 314 867 cx
348 816 666 865 altera-autem
703 813 995 872 Pseudulum,
1033 818 1305 882 qui'magna
1343 826 1442 864 cum
1481 833 1587 866 voce
1632 818 1792 866 clama-

220 917 222 919 ’
252 905 355 953 bat:
391 904 502 953 heus
539 904 651 951 heus
686 912 751 959 tu,
788 904 954 950 amittis
986 906 1121 960 certa,
1159 907 1327 951 incerta
1362 904 1466 952 dum
1503 909 1656 970 petiss
1725 908 1792 954 lta

253 991 511 1042 admonitus
547 990 750 1038 codic-um
795 992 1061 1055 scripturam
1092 1007 1329 1056 *nusquam
1375 1008 1673 1058 praepropere
1716 995 1793 1042 de-

253 1081 398 1145 spexi,
420 1077 515 1134 >sed
532 1076 675 1125 'verba
700 1066 952 1143 intellegere
983 1091 1124 1144 quam
1150 1087 1336 1137 mutare,
1374 1088 1417 1128 et
1439 1089 1618 1145 poetam
1654 1083 1792 1130 inter·

252 1168 437 1232 proteri
458 1181 592 1230 quam
629 1166 897 1229 interpolare
932 1166 1160 1214 malebam.

278 1256 282 1258 ’
326 1251 663 1304 ’‘Sed-‘veniam
705 1250 812 1319 peto
865 1225 1314 1321 huiuslegressionis
1359 1265 1403 1305 et
1451 1257 1536 1304 iam
1582 1257 1629 1304 in
1673 1257 1790 1304 viam

253 1341 404 1390 redeo.
445 1358 464 1380 ..-

205 1426 209 1430 ⁷
342 1430 629 1486 -Constat'in
666 1430 844 1477 canticis
886 1432 1388 1493 saepissime‘numeros
1429 1434 1609 1479 mutari.
1680 1432 1790 1480 Eius

251 1518 517 1568 mutationis
546 1530 729 1576 ¹causam
765 1514 984 1575 Wolffius
1022 1514 1096 1578 (de
1133 1527 1247 1567 cant.
1284 1533 1330 1583 p.
1359 1516 1438 1580 10)
1474 1534 1531 1567 ex
1568 1521 1789 1569 concitato

253 1604 506 1654 animorum
552 1604 718 1653 habitu·
755 1604 1036 1669 repetendam
1069 1621 1177 1653 esse
1221 1614 1471 1670 putaverat.
1544 1605 1634 1672 Sed
1671 1608 1791 1654 nulla

251 1696 340 1742 alia
374 1694 507 1742 causa
543 1694 681 1742 fuisse
707 1693 896 1750 videtur,
934 1710 1065 1758 quam
1099 1696 1256 1740 cantus
1281 1695 1392 1757 ipse,
1431 1696 1507 1758 qui
1535 1698 1787 1743 varietatem

253 1782 492 1830 modorum
530 1780 751 1847 exigebat.
823 1780 1091 1828 Animorum
1134 1782 1248 1827 enim
1286 1779 1467 1827 habitus
1503 1791 1675 1829 tantum
1711 1781 1792 1829 ab·

256 1879 325 1918 est
341 1879 410 1935 ‘ut
443 1872 489 1917 in
526 1871 705 1917 canticis
741 1870 882 1934 magis
920 1884 1051 1933 quam
1097 1870 1141 1914 in
1179 1866 1389 1915 diverbiis
1427 1871 1693 1926 concitetur,
1741 1879 1792 1918 ut

253 1957 301 2006 in
337 1960 400 2005 eis
436 1967 567 2023 quam
606 1959 795 2005 maxime
829 1955 1011 2005 sedatus
1039 1958 1134 2004 esse
1154 1956 1310 2003 soleat.
1364 1955 1520 2022 Neque
1544 1956 1588 2003 id
1614 1959 1790 2005 mirum.
1835 1944 1853 1960 ⁹

255 2044 359 2093 Non
395 2048 509 2093 enim
531 2044 680 2092 ¹rebus
716 2044 898 2109 agendis
935 2046 1104 2092 cantica
1144 2046 1419 2100 inserviunt,
1465 2044 1543 2092 sed
1585 2046 1623 2091 is
1660 2061 1791 2110 quem

255 2133 511 2197 loquentem
545 2131 649 2179 facit
670 2142 818 2196 poeta,
854 2132 1117 2195 plerumque
1146 2131 1198 2178 de
1223 2134 1339 2178 vitae
1367 2131 1617 2178 rationibus
1642 2149 1791 2179 secum

255 2219 531 2275 considerat,
577 2229 621 2267 et
656 2234 790 2283 quam
815 2217 882 2265 ad
926 2235 1127 2266 normam
1164 2220 1263 2281 ipse
1298 2221 1429 2265 vitam
1466 2234 1590 2265 suam
1629 2218 1794 2283 dirigat

256 2307 465 2372 exponit,
510 2314 654 2353 etex
694 2304 863 2370 ingenii
903 2307 977 2352 'sui
1021 2304 1170 2352 indole
1213 2314 1293 2352 aut
1333 2304 1481 2352 bonos
1528 2314 1608 2352 aut
1649 2305 1790 2352 malos

256 2410 402 2442 mores
427 2392 678 2457 profitetur.
732 2392 884 2457 ltaque
908 2392 981 2439 hic
1005 2392 1274 2448 adolescens,
1314 2394 1390 2456 qui
1413 2409 1607 2440 amorem
1632 2393 1793 2457 procul

257 2499 280 2529 a
317 2498 364 2529 se
400 2480 562 2529 habere
596 2482 845 2537 consuevit,
882 2483 1047 2528 amoris
1077 2479 1234 2528 damna
1260 2480 1467 2545 explicat,
1506 2481 1590 2536 ille,
1628 2480 1792 2528 Veneri

255 2567 500 2623 obnoxius,
537 2570 584 2615 in
617 2569 885 2615 contrariam
923 2571 1101 2632 parte-m.
1128 2567 1341 2614 disserit:'
1365 2570 1522 2614 servus
1559 2568 1639 2632 qui
1672 2566 1793 2632 frugi

253 2653 343 2712 esti*
364 2654 571 2703 ‘boniac
603 2654 744 2702 fidelis
778 2656 899 2702 servi
933 2657 1165 2719 imaginem
1204 2657 1433 2719 proponit,
1472 2657 1549 2718 qui
1585 2671 1789 2719 nequam,

255 2745 301 2791 in
327 2741 570 2792 'laudanda
595 2745 809 2808 nequitia
829 2751 1046 2790 versatu-r.
1105 2741 1388 2790 Philolaches
1425 2740 1637 2801 (Mostell.
1665 2743 1715 2797 ll,
1747 2740 1790 2799 1)

255 2840 517 2899 peractum
553 2832 770 2881 canticum
807 2829 918 2879 nihil
953 2829 1075 2881 aliud
1111 2832 1322 2898 exponit,
1370 2832 1453 2877 nisi
1490 2844 1605 2897 quae
1637 2829 1794 2878 simili-
