1985 3271
1004 132 1065 180 18

258 283 392 336 quam
428 269 545 318 enim
580 268 710 317 binae
745 278 897 334 partes
932 279 1022 317 tam
1059 279 1178 318 arcte
1214 271 1329 318 inter
1363 285 1410 321 se
1441 268 1707 327 cohaerent,
1751 275 1803 318 nt

258 357 449 405 discindi
487 366 724 422 nequeant,
766 357 886 404 velut
920 357 1060 404 Most.
1100 375 1140 404 v.
1173 355 1291 405 106:

462 444 576 493 Ct'un
611 446 742 509 pigra
773 443 984 506 fa'mz'lz'a
1019 444 1293 493 inmzindus
1330 447 1605 493 instrenuus.

359 532 564 580 Tertium
627 549 808 596 quoque
866 533 1025 596 pedem
1078 533 1279 580 ultimam
1331 535 1567 596 ancipitem
1619 532 1797 589 habere,

255 620 540 670 Hermannus
577 622 622 667 in
646 620 786 668 Elem.
824 620 966 668 doctr.
1006 631 1131 669 metr.
1167 639 1214 686 p.
1242 618 1340 669 212
1364 622 1537 669 statuit.
1595 621 1798 686 Longius

256 711 386 757 etiam
422 699 694 775 progressus
733 718 802 756 est
834 708 1122 767 Ritschelius‚
1160 725 1259 757 cum
1296 711 1340 757 in
1364 708 1574 774 Prolegg.
1607 726 1654 775 p.
1684 693 1797 766 196,

254 797 331 845 ubi
371 797 424 845 de
461 801 689 845 variorum
729 814 938 845 versuum
976 799 1169 844 caesuris
1208 797 1430 861 disputat,
1467 797 1577 844 haec
1612 796 1797 845 diceret:

256 884 480 947 »Quodsi‚
530 888 698 950 inquit,
737 889 782 933 in
819 886 989 933 creticis
1025 884 1231 932 versibus
1268 885 1438 932 hiatum
1478 885 1546 932 vel
1582 884 1796 950 syllabam

254 976 491 1038 ancipitem
545 991 637 1021 non
690 974 948 1038 principalis
991 982 1164 1021 tantum
1211 990 1393 1021 caesura
1435 975 1578 1021 totius
1623 989 1795 1030 versus,

254 1062 333 1109 sed
378 1062 581 1126 singulae
628 1078 835 1110 caesurae
877 1061 1065 1126 podicae
1109 1061 1407 1119 admiserunt,
1463 1060 1589 1125 quod
1632 1060 1797 1109 factum

254 1166 350 1197 esse
395 1159 593 1206 constat,
641 1150 727 1196 hoc
772 1166 795 1197 e
830 1149 1044 1214 singulari
1080 1160 1242 1197 natura
1278 1151 1424 1198 cretici
1461 1152 1631 1197 numeri
1669 1166 1797 1214 repe-

251 1237 437 1285 tendum
490 1247 587 1294 est,
653 1239 779 1284 cuius
840 1237 1003 1300 singuli
1065 1237 1200 1302 pedes
1252 1247 1464 1302 tanquam
1518 1237 1796 1285 catalecticos

254 1326 435 1374 ordines
472 1325 708 1373 efficiunt«
766 1325 919 1390 Atque
954 1325 1023 1372 his
1050 1325 1176 1373 addit
1198 1328 1242 1373 in
1268 1325 1584 1373 adnotatione:
1620 1324 1797 1387 »Quan-

254 1430 387 1479 quam
433 1431 525 1460 non
571 1423 639 1460 est
682 1415 844 1478 quovis
892 1423 1022 1476 pacto
1071 1412 1251 1461 factum.
1321 1413 1433 1461 Nam
1479 1416 1561 1461 etsi
1603 1416 1648 1461 in
1684 1414 1796 1462 Her-

252 1505 491 1549 manniana
545 1501 845 1565 descriptione
898 1518 1052 1548 eorum
1099 1519 1332 1558 versuum,
1390 1504 1467 1566 qui
1510 1501 1643 1550 nobis
1689 1511 1797 1550 sunt

253 1590 382 1638 Trin.
411 1588 508 1637 247
535 1606 620 1653 sq.,
658 1598 774 1636 recte
811 1588 884 1636 hic
920 1605 967 1637 se
1003 1592 1190 1637 creticus
1226 1590 1385 1638 habet:

454 1676 533 1724 'lbi
568 1676 836 1741 pendentem
874 1675 995 1724 ferit:
1031 1679 1116 1724 iam
1152 1677 1342 1740 amplius
1379 1678 1493 1735 (irat,

250 1776 399 1815 tamen
435 1768 479 1813 in
518 1764 697 1813 brevem
733 1765 930 1812 vocalem
969 1765 1175 1814 desinens
1212 1783 1304 1815 vox
1341 1766 1558 1832 dactylica
1593 1782 1684 1814 non
1708 1781 1793 1832 po-

251 1858 341 1904 tuit
374 1873 459 1920 pro
498 1857 659 1902 cretico
698 1853 913 1902 substitui
951 1872 992 1901 v.
1025 1854 1145 1903 251:
1726 1841 1732 1846 ’

456 1942 561 1991 Nox
598 1942 756 1990 datur:
794 1942 973 1990 ducitur
1008 1942 1172 1990 familia
1207 1944 1325 1992 t6ta:

252 2030 375 2096 quod
410 2047 553 2095 genus
591 2030 806 2094 elegantia
842 2032 950 2077 artis
988 2033 1197 2095 respuit.-

352 2118 478 2166 Hanc
515 2117 694 2182 quidem
732 2127 1002 2182 postremam
1042 2117 1392 2175 distinctionem,
1438 2134 1538 2166 cum
1571 2135 1666 2167 non
1699 2127 1794 2167 tam

251 2224 307 2254 ex
345 2207 634 2270 argumentis,
675 2221 805 2268 quam
844 2222 900 2252 ex
937 2208 1106 2252 incerto
1145 2207 1339 2269 quodam
1376 2223 1511 2254 sensu
1545 2209 1685 2270 petita
1716 2209 1789 2263 sit,

249 2312 333 2359 pro
373 2293 644 2341 diiudicandi
682 2310 838 2340 norma
876 2292 1038 2342 habere
1074 2293 1227 2340 nolim.
1300 2293 1390 2342 Sed
1424 2296 1550 2359 prius
1587 2293 1644 2341 ad
1679 2294 1792 2342 Her-

249 2385 399 2429 manni
453 2384 717 2429 sententiam
770 2391 1009 2429 vertamur.
1084 2380 1225 2442 Quam
1280 2391 1331 2428 ut
1373 2381 1651 2445 probandam
1695 2398 1787 2429 non

249 2486 345 2518 esse
393 2479 625 2532 putemus,
680 2469 768 2516 hoc
813 2470 1098 2533 potissimum
1143 2486 1227 2516 nos
1270 2479 1443 2525 movet,
1499 2470 1622 2533 quod
1659 2469 1786 2517 Trin.

247 2574 291 2603 v.
319 2555 415 2604 247
455 2565 498 2604 et
533 2571 647 2619 quae
683 2558 951 2618 paucissima
987 2555 1071 2602 alia
1107 2555 1309 2619 exempla
1341 2555 1621 2603 Hermannus
1657 2557 1786 2602 istam

245 2645 387 2709 legem
426 2642 627 2708 profiteri
667 2644 883 2700 voluerat,
921 2660 1040 2689 nunc
1071 2643 1274 2690 codicum
1299 2646 1564 2691 auctoritate
1588 2646 1633 2690 in
1658 2644 1786 2690 aliam

246 2730 435 2779 formam
481 2729 660 2778 redacta
704 2740 831 2788 sunt,
879 2740 922 2780 et
959 2730 1085 2778 Trin.
1134 2749 1177 2778 v.
1205 2729 1323 2788 251,
1371 2733 1446 2796 qui
1494 2731 1617 2780 solus
1654 2731 1787 2779 relin-

247 2822 425 2884 quitur,
486 2818 612 2867 facile
666 2821 928 2884 corrigitur,
994 2820 1032 2866 si
1085 2826 1165 2866 aut
1218 2816 1430 2884 Gepperti
1482 2819 1785 2868 traiectionem

245 2911 553 2973 agnoscimus:
