1985 3271
888 100 1020 157 ³2⁷

220 245 531 297 Callidamates
576 246 694 293 'enim
740 260 794 292 ex
829 243 1023 309 Deiphio
1062 245 1364 308 quaesiverat,
1410 258 1516 292 num
1564 259 1610 291 se
1634 258 1750 315 ⁴ma·-

219 337 322 384 dere
364 345 558 399 putaret.
621 335 885 398 Respondet
920 334 1181 397 Delphium:
1226 349 1307 398 per
1352 342 1492 381 totam
1537 338 1670 383 vitam
1708 336 1745 382 is

217 423 300 472 tihi
351 439 448 470 mos
502 423 619 480 erat,
673 431 723 470 ut
774 421 987 473 madercs.
1068 421 1290 472 »Aetatem
1344 420 1532 488 degere«
1585 421 1747 488 legitur

219 509 330 559 Cist.
355 510 386 565 1,
419 509 460 565 1,
487 508 568 558 79.

238 628 241 631 -
319 597 438 646 Haec
475 601 623 647 omnia
657 601 888 664 praemissi
922 599 1096 647 dimetri
1132 597 1334 663 exempla
1358 597 1564 646 fuerunt:
1601 599 1745 645 rarius

218 684 520 753 subiungitur.
577 684 757 735 Claudit
793 689 998 734 creticum
1035 695 1338 734 tetrametrum
1363 684 1526 733 Pseud.
1553 702 1595 731 v.
1622 682 1744 733 262:

416 773 568 822 Verba
603 790 650 822 re
686 775 804 821 minc
839 772 968 821 sacis:
1004 775 1169 822 stultus
1206 790 1266 830 es,
1305 791 1394 823 rem
1432 774 1573 822 actam
1608 775 1719 838 agis.

418 863 491 910 Ps.
529 862 675 910 Ndsce
711 863 865 911 saitem
901 863 1021 911 hunc
1056 865 1157 927 quis
1193 873 1274 910 est.

215 967 329 1015 quae
364 952 651 1015 excipiuntur
684 950 881 999 iambicis
919 952 1195 1015 septenariis.

212 1038 378 1087 Pseud.
408 1056 448 1086 V.
476 1036 573 1086 922
610 1039 699 1086 huc
734 1054 825 1086 non
860 1041 1082 1104 pertinere
1116 1040 1202 1085 iam
1240 1040 1550 1103 exposuimus.

316 1126 567 1174 Trochaico
594 1137 740 1175 autem
765 1129 1018 1192 septenario
1043 1128 1250 1174 creticum
1271 1126 1504 1175 dimetrum
1531 1126 1744 1175 subiunc-

213 1223 309 1261 tum
346 1230 445 1262 esse
477 1215 775 1262 contenderim
812 1215 975 1262 Pseud.
1002 1231 1045 1261 v·
1075 1214 1224 1263 1108:

416 1301 675 1359 Liuianum,
713 1302 981 1360 lustrantur,
1019 1302 1280 1359 comedunt,
1318 1302 1442 1368 qudd
1478 1301 1666 1359 habent,
1703 1304 1743 1350 ei

1018 1393 1181 1439 nomen
1216 1390 1294 1439 diu

484 1479 725 1528 servitutis
762 1479 923 1527 ferunt.

211 1569 375 1617 Parum
412 1571 526 1616 enim
561 1567 855 1633 probabiliter
890 1568 1185 1617 Ritsehelius:

415 1656 675 1713 Luxantur,
739 1644 1007 1713 lustrdntun
1074 1655 1313 1704 comedunt
1373 1655 1497 1722 quod
1557 1655 1739 1712 habent,

1018 1741 1160 1808 [qudd
1196 1741 1334 1804 nonJ:

482 1831 535 1879 Ei
572 1832 732 1879 ndmen
769 1832 847 1880 dili
881 1833 1108 1880 servitutis
1145 1831 1307 1880 ferunt.

232 1952 235 1964 2
314 1918 605 1984 Cataieeiicus
652 1919 834 1969 dimeter
876 1922 1062 1968 creticus
1117 1920 1389 1968 trochaicum
1443 1922 1742 1985 septenarium

211 2012 339 2074 sequi
376 2009 552 2055 videtur
587 2009 750 2055 Pseud.
787 2026 826 2054 v.
859 2007 1008 2065 1264,
1046 2024 1176 2073 quem
1212 2010 1381 2066 locum,
1419 2020 1471 2057 ut
1504 2012 1742 2057 restituen-

212 2097 295 2144 dus
333 2112 427 2145 esse
467 2095 655 2152 videtur,
694 2095 922 2143 adscribo:

480 2185 619 2233 Mami
655 2184 842 2232 candida
876 2184 1133 2233 cantharum
1172 2184 1480 2232 dulciferulum

478 2272 724 2338 Propinare
760 2271 1081 2321 amicissumam
1119 2274 1313 2330 amicam,

404 2360 567 2425 Neque
603 2360 666 2408 ibi
711 2377 805 2408 esse
843 2362 975 2408 alium
1013 2362 1085 2408 aiii
1122 2361 1227 2408 όάἱο
1272 2377 1350 2409 nec
1387 2361 1624 2410 molestum
1662 2378 1741 2410 nec

1017 2449 1296 2498 sermdnibus

480 2537 731 2603 Mdrologis
767 2537 849 2586 uti.

184 2629 186 2632 ’
207 2629 353 2688 primo
391 2643 524 2673 versu
563 2625 933 2674 »dulciferulum«
980 2629 1144 2674 conieci
1181 2644 1264 2691 pro
1303 2627 1623 2675 »dulciferuw
1660 2627 1741 2686 (ut

209 2715 522 2780 »plagigerus«
569 2724 613 2762 et
649 2713 1039 2779 »plagigerulus·)
1083 2714 1270 2762 alterum
1316 2732 1490 2764 versum
1535 2715 1739 2765 bacchia-

208 2818 305 2849 cum
342 2805 591 2851 trimetrum
627 2820 722 2851 esse
748 2813 914 2852 certum
951 2812 1038 2851 est:
1059 2802 1207 2851 'tertio
1246 2804 1447 2853 codicum
1472 2808 1736 2872 scripturam
