1985 3271
983 123 1046 172 22

892 188 953 195 0-—
956 190 1132 197 ---—-——-

243 279 375 329 quam
431 262 722 319 acatalectus‚
780 263 885 327 quia
939 264 984 311 in
1031 260 1218 310 catalexi
1267 260 1640 325 numeri-aptius
1682 276 1791 309 con-

242 354 470 417 quiescere
508 349 793 398 videbantur.

344 438 587 502 Izmyitur
639 448 786 487 autem
831 447 1085 486 tetrameter
1128 438 1316 485 creticus
1363 451 1464 484 cum
1508 437 1644 484 variis
1688 436 1788 485 aliis

241 525 473 573 versibus:

348 613 391 662 1.
446 611 560 662 Cum
610 613 940 674 trochaicis,.
973 630 1167 678 quorum
1215 613 1467 678 exemplum
1502 612 1785 680 Hermannus

241 702 370 751 affert
401 702 542 751 Most.
582 721 625 750 v.
656 701 945 751 142—145:

515 789 745 839 Continuo
784 792 867 857 pro
902 790 1042 838 imbre
1075 808 1201 838 amor
1233 789 1415 838 advenit
1446 791 1491 837 in
1521 788 1597 838 cor
1622 805 1783 847 meum,

443 879 483 927 Is
529 879 674 944 lisque
718 882 765 927 in
809 889 966 944 peetus
1013 880 1313 943 permanavit,
1360 877 1674 942 permadefecit
1708 879 1787 926 cor

1461 982 1623 1015 meum.

511 1053 643 1102 Ni'mc
679 1055 810 1101 simul
847 1057 934 1110 res,
971 1054 1097 1111 fides,
1136 1053 1264 1110 leima,
1303 1054 1461 1110 virttiS,
1502 1053 1637 1101 decus

446 1141 767 1196 D—eseruerunt‚
808 1145 892 1206 ego
931 1159 1030 1189 sum
1054 1145 1099 1188 in
1126 1158 1213 1189 usu
1237 1141 1379 1189 sactus
1404 1144 1540 1189 nimio
1566 1144 1784 1207 nequiora

238 1231 384 1294 primo
422 1245 556 1276 versu
593 1229 867 1276 Ritsehelius
903 1246 995 1276 non
1032 1228 1222 1277 debebat
1257 1229 1471 1277 Bothium
1508 1232 1660 1294 sequi,
1707 1231 1785 1294 qui

240 1334 350 1365 »cor
403 1334 579 1365 meum«
633 1334 689 1366 ex
740 1320 961 1382 proximis
1006 1319 1238 1382 irrepsisse
1286 1325 1544 1382 putaverat&
1597 1318 1783 1366 alterum

238 1405 477 1456 iambicum
515 1408 795 1454 octonarium
833 1423 942 1462 esse,
981 1423 1089 1462 non,
1129 1415 1180 1453 ut
1210 1405 1491 1455 Hermannus
1529 1416 1781 1472 putaverat,

237 1495 516 1543 trochaicum
554 1496 870 1558 septenarium,
905 1494 1179 1542 Ritschelius
1216 1494 1342 1543 vidit.

341 1582 386 1630 2.
444 1581 558 1631 Cum
603 1581 863 1642 iambicis,
910 1582 1033 1647 quod
1080 1592 1123 1630 et
1167 1599 1220 1631 ex
1268 1583 1367 1630 loco
1405 1584 1610 1648 proxime
1646 1566 1780 1633 allato

235 1681 375 1736 patet,
414 1681 458 1719 et
493 1688 623 1734 saepe
660 1673 900 1718 invenitur.
972 1671 1110 1718 Most.
1151 1689 1191 1717 v.
1224 1670 1339 1718 107:

507 1753 663 1823 ‘Atqui
701 1758 778 1806 ubi
803 1759 879 1806 illo
913 1759 1126 1824 inmigrat
1148 1761 1339 1824 nequam
1365 1759 1502 1808 homo
1528 1759 1779 1823 indiligens,

510 1844 624 1894 C1'1m
662 1848 791 1910 pigra
827 1846 1004 1904 familia,
1043 1847 1300 1903 inmundus,
1338 1835 1615 1905 instrenuus,

442 1935 557 1982 Hinc
610 1937 694 1981 iam
750 1935 938 1982 aedibus
992 1938 1149 1983 vitium
1197 1935 1396 1992 aidditur,
1452 1936 1598 1984 bonae
1642 1953 1780 2002 quom

1247 2025 1459 2073 curantur
1484 2012 1620 2074 male.

236 2132 279 2161 v.
317 2116 463 2178 primo
505 2113 688 2176 »atquiu
726 2128 811 2177 pro
852 2121 1045 2177 »atque«
1084 2114 1241 2176 scripsi
1266 2109 1352 2171 .(cf.
1389 2112 1514 2161 Pers.
1541 2110 1676 2174 580).

340 2200 454 2249 Cum
491 2199 682 2248 iambico
720 2200 909 2249 dimetro
947 2200 1184 2252 acatalecto
1221 2200 1383 2249 Bacch.
1424 2219 1464 2248 v.
1491 2199 1611 2250 646:

510 2287 701 2350 Quicum
739 2290 821 2353 ego
859 2287 983 2345 bibo,
1022 2289 1203 2353 quicum
1241 2287 1324 2336 edo
1363 2298 1407 2339 et
1441 2305 1557 2346 amo,

439 2377 603 2441 Regias
641 2377 791 2440 ccipias
828 2377 1076 2445 aureasque
1113 2377 1273 2441 optuli.

337 2465 382 2514 3.
441 2463 720 2513 Creticorum
768 2474 1103 2513 tetrametorum
1150 2482 1248 2513 cum
1287 2466 1492 2516 creticis
1529 2467 1777 2517 trimetris

234 2557 480 2603 mixtorum
518 2554 626 2599 satis
664 2553 947 2600 memorabile
984 2553 1236 2618 exemplum
1274 2553 1401 2602 Triu.
1440 2573 1482 2603 v.
1510 2554 1778 2605 293-300

230 2643 346 2691 infra
382 2640 663 2690 tractabitur.
737 2640 788 2688 cf.
829 2645 958 2689 etiam
998 2641 1256 2691 dimetros.
1722 2691 1727 2696 ,

332 2730 381 2779 4.
436 2730 672 2778 Praeterea
715 2731 760 2776 in
797 2727 1100 2779 bacchiacos
1137 2740 1372 2779 transeunt
1406 2731 1544 2781 Most.
1584 2751 1626 2781 v.
1653 2731 1775 2784 329:

435 2817 492 2864 D.
548 2816 599 2863 Si
636 2816 764 2863 cades
801 2819 891 2865 non
927 2818 1066 2867 cadesv
1095 2819 1203 2882 quin
1241 2818 1392 2867 cadam
1429 2823 1592 2886 tecum.
1640 2797 1646 2803 ⁴

435 2904 487 2955 C.
539 2904 736 2953 Jacentis
774 2906 901 2954 tollet
934 2908 1094 2970 postea
1128 2923 1213 2955 nos
1250 2907 1382 2958 ambo
1420 2908 1596 2975 aliquis.
1650 2934 1653 2937 >
