1985 3271
958 107 1019 158 21

221 252 294 315 (de
338 248 513 310 »sultis«
549 244 603 295 cf.
639 244 761 295 Men.
799 263 842 294 v.
870 242 990 302 350,
1030 243 1171 294 Stich.
1209 261 1252 293 v.
1279 242 1358 296 65.
1396 262 1440 294 V.
1466 244 1600 307 220.)
1673 245 1759 297 Ce-

218 350 362 389 terum
405 336 451 385 hi
488 350 644 383 versus
673 335 811 384 ⁴etiam
849 350 942 381 eam
980 333 1039 381 ob
1077 350 1253 381 causam
1290 333 1597 382 memorabiles
1635 346 1754 395 sunt,

220 424 343 491 quod
378 422 592 471 Pseuduli
627 421 826 468 ultimam
863 437 1065 468 scaenam
1103 421 1329 469 claudunt.
1388 422 1604 486 Reliquae
1642 425 1757 469 enim

218 513 393 561 fabulae
428 514 471 558 in
510 509 763 558 trochaicos
798 519 1081 557 tetrametros
1119 520 1285 557 exeunt
1319 520 1497 574 praeter
1533 509 1753 567 Stichum,

219 616 332 666 quae
367 596 565 645 iambicis
602 599 863 662 septenariis
899 596 1135 645 clauditur.

318 686 408 735 Pro
446 688 607 734 cretico
645 687 689 733 in
726 701 1003 751 unoquoque
1038 684 1150 750 pede
1187 683 1509 734 choriambus
1540 684 1756 734 substitui

216 784 382 842 potest.
437 771 653 838 Exempla
688 772 866 838 ubique
891 783 1122 821 occurunt.
1176 773 1251 820 Eis
1277 773 1496 830 versibus,
1536 777 1613 839 qui
1649 775 1757 821 cho-

217 860 388 911 riambo
441 863 486 909 in
538 861 695 909 ultimo
749 860 862 926 pede
912 860 1061 908 sedem
1114 859 1354 919 dederunt,
1411 860 1642 910 addendus
1688 870 1757 910 est

216 949 379 998 Pseud.
420 966 461 996 v.
492 948 644 997 1249:

418 1037 620 1101 Pergitin
654 1035 873 1100 pergere?
908 1037 966 1083 ah
1002 1037 1292 1083 serviundum
1329 1040 1388 1083 mi
1425 1037 1617 1084 hodiest.

215 1125 296 1175 uhi
329 1142 421 1174 non
459 1142 639 1191 egemus
676 1126 943 1173 mutatione:
981 1125 1301 1173 »serviundum
1339 1126 1535 1174 mihist«
1567 1155 1620 1162 —
1651 1125 1755 1174 Tri·

215 1212 302 1262 bus
338 1212 607 1262 choriambis
644 1222 688 1261 et
722 1229 815 1260 uno
852 1214 1011 1260 cretico
1049 1222 1226 1260 constat
1258 1213 1379 1261 Men.
1418 1231 1459 1260 v.
1492 1211 1606 1260 110:

417 1300 476 1348 Ni
511 1301 624 1348 mala
659 1303 705 1348 ni
741 1301 876 1348 stulta
913 1304 988 1357 εἰς,
1026 1303 1071 1347 ni
1107 1301 1324 1348 indomita
1359 1302 1595 1365 imposque
1620 1304 1753 1348 animi

215 1406 307 1438 non
365 1390 479 1437 enim
539 1390 834 1437 necessarium
889 1397 978 1445 est,
1039 1398 1091 1435 ut
1143 1405 1241 1436 cum
1288 1388 1544 1436 Hermanno
1595 1386 1750 1449 (Elem.

214 1495 260 1543 p.
286 1475 403 1537 221)
429 1486 472 1525 et
498 1477 758 1533 Ritschelio,
787 1478 932 1523 »sies«
958 1475 1272 1534 scribentibus,
1300 1471 1544 1525 secundum
1570 1493 1754 1543 quoque

213 1542 371 1629 p⁹edem
405 1565 711 1614 choriambum
745 1564 971 1613 faciamus.
1033 1564 1200 1613 Eodem
1236 1565 1494 1613 referendus
1529 1575 1596 1613 est
1622 1565 1751 1613 Asin.

214 1669 258 1701 v.
289 1651 407 1702 133:

417 1740 710 1798 Pellecebrae‚
748 1741 982 1805 pernicies,
1022 1738 1352 1788 adulescentum
1392 1741 1578 1789 exitium

214 1831 334 1878 hunc
369 1833 483 1878 enim
520 1847 696 1878 versum
733 1832 919 1886 creticis,
956 1847 1062 1887 non,
1100 1839 1152 1876 ut
1176 1828 1460 1877 Fleckeiseno
1498 1831 1642 1877 visum
1668 1839 1748 1887 est,

214 1918 284 1967 his
319 1917 566 1967 bacchiacis
602 1919 798 1966 numeris
835 1927 1060 1966 constare:

416 2004 705 2062 Pellecebrae‚
745 2006 975 2070 pernicies,
1013 2004 1347 2051 adulescentum
1383 2005 1581 2061 exitium,

213 2110 305 2142 non
341 2093 477 2142 modo
514 2086 571 2142 ex
607 2110 658 2142 eo
696 2094 844 2158 colligi
881 2093 995 2150 licet,
1034 2092 1157 2158 quod
1191 2102 1234 2140 et
1259 2093 1530 2162 praecedunt
1553 2110 1633 2142 sex
1659 2110 1752 2142 cre-

213 2183 287 2229 tici
323 2184 566 2230 tetrametri
601 2191 643 2230 et
680 2191 896 2246 quattuor
932 2191 1204 2246 sequuntur,
1251 2180 1330 2228 sed
1366 2183 1493 2228 etiam
1532 2181 1634 2229 inde
1671 2200 1750 2247 ap-

212 2279 361 2331 paret,
417 2269 542 2335 quod
593 2272 637 2316 in
690 2279 786 2317 tota
826 2270 1036 2316 Asinaria
1088 2286 1142 2315 ne
1194 2285 1313 2316 unus
1367 2267 1545 2332 quidem
1591 2286 1749 2317 versus

213 2355 475 2405 b'acchiacus
512 2366 672 2405 exstat.

319 2444 625 2494 Cataleotioz'
666 2447 885 2493 tetrameti
932 2462 1030 2493 cum
1075 2445 1321 2492 acatalectis
1368 2446 1462 2494 sine
1499 2445 1750 2494 discrimine

214 2534 351 2581 iuncti
389 2550 486 2581 esse
521 2534 744 2581 videntur.
804 2534 868 2581 Ita
894 2533 1022 2580 Trin.
1059 2551 1102 2580 v.
1129 2532 1394 2582 243—246
1432 2551 1550 2581 unus
1573 2545 1748 2581 tantum

213 2622 511 2677 acatalectus,
546 2623 705 2688 reliqui
743 2622 981 2670 catalectici
1016 2632 1142 2679 sunt,
1190 2631 1234 2669 et
1267 2621 1388 2670 Rud.
1427 2640 1469 2670 v.
1496 2621 1592 2670 273
1630 2632 1749 2670 cata-

214 2705 393 2757 lecticus
438 2718 525 2767 est,
584 2726 838 2776 quanquam
885 2710 1106 2758 acatalecti
1157 2720 1327 2775 septem
1381 2709 1652 2775 praecedunt
1705 2720 1750 2759 et

215 2805 432 2861 quattuor
455 2807 721 2862 sequuntur.
769 2797 848 2845 Sin
875 2808 1021 2845 autem
1047 2799 1265 2850 canticum
1293 2801 1455 2846 cretico
1489 2808 1745 2846 tetrametro

213 2885 283 2934 vel
318 2887 520 2944 trimetro
546 2885 781 2947 clauditur,
818 2889 997 2955 saepius
1022 2886 1301 2942 catalecticus
1327 2904 1481 2938 versus
1507 2889 1747 2947 invenitur,
