1985 3271
957 136 1017 189 13

215 274 343 326 vaide
367 269 562 343 suspecti
598 272 718 327 sunt.
774 272 862 340 Qui
886 281 1000 326 enim
1026 277 1112 325 loci
1138 293 1191 324 eo
1215 274 1484 333 referuntur,
1520 286 1598 325 aut
1621 273 1749 325 dubii

215 361 391 426 sunt¹),
437 376 515 415 aut
557 367 654 415 aliis
697 368 893 415 numeris
930 358 1214 424 constant²)v‚
1260 373 1338 412 aut
1373 363 1459 413 leni
1495 366 1747 414 coniectura

214 462 345 520 egent
362 447 424 513 ³),
470 464 550 502 aut
582 470 676 501 non
711 456 806 502 sine
850 451 1173 510 mutationibus
1214 451 1395 517 prodire
1430 461 1679 516 potuerunt
1696 446 1747 511 ⁴),

213 551 293 590 aut
327 544 510 590 omnino
556 542 645 590 huc
689 559 782 590 non
827 545 1053 608 pertinent
1070 536 1120 602 ⁵).
1193 541 1311 589 Tota
1355 551 1501 589 autem
1544 543 1748 606 quaestio

214 624 395 677 duobus
430 625 605 678 tantum
641 626 846 678 versibus
882 632 1055 688 nititur,
1091 629 1212 677 Men.
1239 647 1281 677 v.
1308 627 1408 678 969
1432 638 1476 677 et
1499 627 1594 678 971
1627 627 1748 688 (nam

212 713 310 764 967
346 718 393 763 in
429 710 659 765 codici-bus
694 718 960 765 acatalectus
997 715 1098 776 est).
1153 716 1209 764 Hi
1236 716 1326 764 duo
1352 733 1458 764 vero
1486 717 1593 763 mihi
1618 718 1749 763 satis-

210 801 353 852 facere
388 822 481 853 non
517 804 740 863 videntur,
779 815 831 853 ut
865 822 1034 853 novum
1065 804 1201 870 idque
1228 807 1335 853 satis
1359 821 1567 870 asperum
1592 820 1748 853 nume-

208 887 363 941 rorum
398 908 542 959 genus
577 887 739 942 Plauto
775 892 1042 942 tribuamus.

937 1048 1015 1097 IV.

312 1154 364 1206 Si
400 1160 477 1222 qui
513 1155 765 1221 dactylici
797 1174 954 1206 versus
992 1159 1296 1213 inveniuntur,
1340 1156 1396 1204 ad
1430 1155 1744 1205 trochaeorum

273 1278 324 1338 ¹1)
360 1279 475 1329 Velut
503 1291 614 1330 Most.
643 1304 677 1330 v.
696 1289 777 1331 858
796 1304 877 1344 sqq.
929 1291 1028 1331 Tota
1057 1303 1163 1330 scena
1190 1296 1265 1329 tam
1293 1288 1408 1330 lacera
1436 1296 1509 1339 est,
1546 1296 1589 1330 ut
1615 1290 1698 1330 inde
1725 1303 1747 1330 a

209 1376 246 1403 v,
264 1361 346 1403 858
374 1376 494 1416 usque
523 1363 568 1404 ad
597 1378 631 1403 v.
650 1363 730 1404 869
757 1378 802 1405 ne
831 1378 929 1404 unus
959 1363 1109 1417 quidem
1136 1378 1266 1405 versus
1294 1370 1414 1404 certus
1444 1365 1503 1404 sit.

290 1436 324 1489 ²)
358 1436 413 1477 Ita
440 1438 537 1478 Men.
565 1452 600 1478 v.
620 1438 719 1479 974:

695 1511 857 1554 Verbera
883 1510 1077 1565 compedes
1104 1511 1223 1553 molae

694 1585 827 1640 Maigna
853 1586 1033 1626 lassitudo

693 1659 827 1700 Fames
855 1660 972 1715 frigus
1001 1659 1149 1710 durum,
1542 1711 1545 1714 Δ

210 1744 371 1786 quorum
400 1734 542 1786 primus
577 1732 781 1773 trochaicus
816 1735 970 1775 dimeter
1001 1741 1089 1784 cat„
1127 1733 1216 1774 alter
1250 1733 1407 1786 tripodia
1442 1733 1620 1787 trochaica
1657 1739 1746 1784 neat,

209 1808 339 1847 tertius
367 1807 577 1846 bacchiacus
605 1807 758 1848 dimeter
785 1814 851 1848 est.

291 1881 324 1933 ³)
360 1882 472 1922 Most.
500 1895 535 1921 ν.
554 1881 653 1922 313:

532 1948 750 2008 Advorsum
777 1953 894 1995 veniri
921 1955 1009 1994 mihi
1039 1954 1084 1994 ad
1113 1953 1395 1995 Philolachetem

208 2027 283 2068 iam
310 2026 354 2067 ab
382 2027 593 2068 Hermanno
620 2030 826 2069 restitutus.
868 2028 922 2070 ef.
951 2043 987 2070 v.
1006 2028 1097 2070 317.
1115 2027 1206 2069 349.

288 2101 323 2153 ⁴)
357 2102 420 2143 Ex
447 2103 504 2142 his
533 2103 644 2144 affero
672 2104 785 2144 Most.
814 2117 850 2144 v.
869 2102 971 2144 345:

479 2177 564 2217 Non
592 2176 729 2217 ml'rum
757 2184 822 2217 aut
847 2176 985 2219 novom
1015 2176 1202 2231 quippiam
1231 2176 1356 2230 [nunc]
1387 2175 1481 2227 facit,

210 2249 276 2301 qui
303 2259 434 2290 versus
462 2250 606 2291 duabus
634 2252 800 2304 tripodiis
828 2252 1017 2291 trochaicis
1046 2258 1203 2292 constat:

257 2309 266 2315 ’γ
552 2323 636 2365 Non
666 2327 801 2364 mirum
830 2332 894 2364 aut
921 2339 1057 2364 novom
1086 2322 1273 2377 quippiam
1300 2324 1395 2363 facit.

289 2398 340 2449 ὅ)
359 2398 470 2439 Bach.
499 2413 535 2439 v.
555 2398 619 2439 20.
662 2399 703 2440 Si
731 2400 850 2440 Servii
876 2400 994 2452 ipsius
1023 2398 1132 2439 verba
1160 2399 1249 2448 (vid.
1270 2398 1360 2448 Rit.)
1388 2399 1617 2451 respicimus,
1650 2404 1748 2452 patet

207 2485 277 2512 nos
305 2486 458 2526 prorsus
486 2475 634 2523 nescire,
663 2487 738 2527 quo
766 2487 865 2522 casu,
895 2487 970 2526 quo
989 2474 1186 2514 verborum
1205 2486 1317 2521 nexu,
1347 2486 1422 2525 quo
1448 2473 1528 2514 loco
1548 2473 1747 2513 »latronis«

207 2547 427 2587 vocabulum
456 2549 617 2602 positum
645 2547 768 2589 fuerit.
800 2548 954 2604 Etenim
983 2550 1015 2588 si
1043 2550 1194 2589 Servius
1222 2549 1449 2589 »latronem«
1476 2563 1559 2588 cum
1590 2562 1746 2601 sequen-

207 2621 309 2660 tibus
345 2623 546 2671 iunxisset,
583 2623 699 2663 dicere
734 2621 906 2662 debebat:
952 2622 1129 2663 -militem
1166 2624 1286 2664 dicens
1323 2623 1502 2664 latronem
1540 2636 1646 2663 suam
1682 2623 1747 2674 qui

209 2708 300 2736 auro
329 2697 440 2736 vitam
470 2698 663 2738 venditata
717 2684 829 2738 Nunc
853 2681 978 2738 autem
1005 2712 1079 2739 non
1106 2700 1174 2739 nisi
1203 2699 1272 2739 hos
1299 2713 1474 2740 numeros
1504 2698 1633 2739 dedit:—

649 2785 754 2811 suam
783 2773 848 2824 qui
878 2770 967 2811 auro
997 2774 1107 2811 vitam
1137 2772 1308 2823 venditat,

210 2855 304 2896 quae
331 2844 474 2884 iambici
502 2844 559 2885 vel
586 2846 759 2886 trochaici
784 2860 914 2886 versus
944 2860 1026 2899 pars
1057 2853 1129 2895 est,
1159 2847 1326 2888 similiter
1353 2861 1392 2887 ac
1422 2860 1515 2900 quae
1543 2846 1746 2899 praeposita

209 2925 298 2959 sunt
323 2919 527 2975 fragmenta
554 2921 642 2971 duo,
670 2935 690 2961 a
718 2920 915 2962 Ritschelio
943 2923 1008 2962 vix
1034 2927 1129 2962 recte
1156 2922 1194 2962 in
1221 2936 1338 2963 unum
1367 2935 1517 2963 versum
1546 2921 1747 2961 coniuncta.
