1985 3271
897 113 1002 165 ,17

202 266 301 302 eum
336 251 493 318 pedem
528 253 765 318 temperari
801 252 929 310 dicit,
975 255 1070 318 ipse
1108 251 1372 300 observasse
1407 250 1607 310 videtur,
1647 267 1740 300 non

203 357 354 388 omnes
389 358 546 390 versus
587 340 754 406 pariter
800 343 861 390 eis
907 341 1074 405 regulis
1120 340 1324 388 submitti
1369 357 1521 405 posse.
1592 340 1651 387 Et
1693 358 1740 389 re

201 445 307 476 vera
340 445 484 495 neque
520 428 786 494 ambiguitas
823 445 1055 477 mensurae
1097 445 1271 493 semper
1305 429 1554 476 molossum
1591 426 1740 475 suble-

200 525 291 574 vat,
329 526 381 564 ut
415 517 579 564 Pseud.
617 535 660 564 v.
691 515 843 565 1332:

296 667 298 669 ‚
404 603 473 652 Te
508 621 695 670 sequor:
732 604 840 670 quin
877 621 1011 653 vocas
1049 599 1376 668 spectatores
1414 603 1582 653 simul?

200 705 344 757 neque
384 695 696 757 pronuntiatio
748 692 916 758 ubique
971 694 1170 742 molosso
1227 696 1446 752 sucurrit,
1503 703 1554 741 ut
1597 693 1737 764 Most.

199 797 243 827 v.
275 777 396 829 109:
983 770 987 773 ¹

407 865 703 934 Cdnfhz'nqz't
736 867 910 934 tegulas
947 867 1256 934 imbricesque‚
1294 868 1358 916 ibi

202 954 350 1017 Quare
384 947 684 1003 Mostellariae
720 972 901 1021 quoque
938 974 979 1003 v.
1007 955 1103 1004 717
1142 956 1316 1004 defendi
1355 972 1490 1021 posse
1526 955 1735 1011 arbitror,

201 1045 278 1109 qui
313 1045 358 1091 in
393 1042 518 1091 libris
555 1046 618 1091 sic
655 1043 840 1109 legitur:

401 1130 689 1181 'Accedam
744 1131 803 1180 D1'
836 1141 879 1180 te
915 1140 1062 1180 ament
1095 1131 1353 1196 plurumum
1393 1131 1533 1180 Simo.

202 1220 466 1286 Quanquam
487 1224 601 1268 enim
619 1221 850 1268 Ritschelii
870 1223 1125 1268 coniectura
1144 1220 1393 1269 ’'Accedam
1416 1218 1542 1282 [huc]
1563 1238 1599 1268 e.
1621 1236 1663 1285 q.
1677 1237 1736 1268 s.-

202 1307 378 1357 duabus
429 1326 488 1357 ex
531 1308 736 1374 partibus
783 1309 1081 1357 commendari
1127 1308 1324 1366 videtur,
1376 1311 1569 1373 primum
1615 1307 1739 1372 quod

202 1397 353 1445 »huc«
389 1397 457 1445 vel
494 1398 652 1445 similia
689 1396 907 1445 vocabula
951 1414 1081 1461 saepe
1127 1397 1204 1445 tali
1240 1396 1456 1445 formulae
1494 1397 1736 1453 adduntur,

202 1483 361 1532 deinde
398 1484 521 1549 quod
557 1487 937 1549 pronuntiationis
973 1485 1159 1532 facilitas
1185 1494 1388 1548 augetur,
1423 1494 1568 1531 tamen
1595 1499 1740 1548 neque

202 1572 404 1621 codicum
458 1573 586 1620 lectio
640 1589 665 1620 a
705 1571 914 1620 Plautino
960 1589 1163 1621 sermone
1207 1571 1420 1619 abhorret
1466 1569 1575 1632 (vid.
1614 1572 1737 1619 Pers.

202 1678 245 1709 v.
273 1659 413 1722 788),
465 1676 610 1726 neque
664 1661 889 1709 duriorem
942 1671 1168 1710 accentum
1216 1664 1470 1709 coniectura
1512 1677 1739 1714 removere

202 1751 359 1798 ausim.
429 1748 533 1798 Non
578 1766 734 1798 vereor
777 1759 945 1808 autem,
994 1767 1048 1798 ne
1093 1750 1163 1798 his
1201 1749 1415 1814 exemplis
1451 1749 1569 1797 illam
1606 1763 1739 1814 quam

203 1855 340 1902 supra
381 1841 705 1904 proposuimus
749 1838 914 1903 legem,
959 1841 1004 1885 in
1052 1841 1219 1885 creticis
1257 1848 1484 1885 accentum
1521 1855 1741 1903 gramma-

201 1929 338 1974 ticum
384 1943 482 1974 cum
527 1943 816 1974 numerorum
862 1936 1045 1974 accentu
1081 1928 1270 1974 maxime
1308 1926 1589 1973 conciliatum
1628 1941 1738 1981 esse,

165 2013 261 2062 ·ad
295 2016 468 2062 irritum
506 2014 659 2063 cadere
695 2024 849 2080 putes:
893 2031 983 2062 non
1021 2017 1134 2062 enim
1173 2031 1267 2061 eam
1304 2015 1657 2062 conciliationem
1695 2016 1740 2060 in

204 2094 374 2150 creticis
405 2118 593 2168 >semper
636 2105 852 2160 inveniri,
902 2102 979 2150 sed
1025 2105 1071 2150 in
1108 2106 1168 2151 eis
1214 2105 1354 2167 magis
1393 2119 1524 2167 quam
1562 2105 1605 2149 in
1644 2101 1739 2148 aliis

203 2207 414 2240 versuum
447 2190 686 2257 generibus
724 2191 1004 2241 observatam
1040 2209 1135 2241 esse
1170 2191 1494 2241 contendimus.

537 2460 616 2511 DE
654 2460 918 2514 CRETICO
957 2461 1402 2514 TETRAMETRO.

308 2630 585 2681 Creticorum
622 2649 832 2682 versuum
869 2634 1173 2682 nobilissimus
1200 2644 1267 2682 est
1290 2642 1557 2682 tetrameterg
1618 2632 1740 2682 Con-

204 2728 294 2769 stat
330 2736 428 2768 eum
466 2723 511 2769 in
546 2721 632 2770 fine
667 2723 850 2771 secundi
886 2723 1012 2788 pedis
1048 2724 1219 2771 hiatum
1257 2733 1301 2772 et
1331 2723 1547 2788 syllabam
1575 2726 1742 2787 ancipi-

203 2817 292 2856 tem
336 2808 587 2868 admittere,
635 2812 740 2876 quia
784 2828 840 2859 ex
886 2811 1065 2860 duobus
1110 2811 1307 2861 dimetris
1345 2815 1620 2877 compositus
1658 2822 1738 2869 est,

204 2898 312 2955 sive,
348 2907 401 2946 ut
436 2900 598 2946 rectius
626 2899 805 2957 dixeriS,
844 2903 1120 2965 compositus
1158 2919 1254 2950 esse
1290 2911 1460 2966 potest:
1498 2918 1588 2948 non
1625 2917 1742 2948 nun·

1389 2986 1415 3025 2
