1985 3271
992 135 1023 183 8

232 272 344 322 tudo
389 275 505 322 inter
547 273 771 321 hominem
817 282 861 321 et
904 288 1047 320 novas
1092 270 1229 319 aedes.
1267 269 1540 320 intercedatt.
1579 286 1671 337 quo
1696 272 1774 320 >rsi·

232 342 431 408 mulacro
467 360 525 409 ad
560 361 689 409 finem
734 359 953 425 perducto
999 361 1045 407 in
1089 366 1214 407 suam
1261 368 1442 424 quoque
1479 361 1619 426 vitam*
1656 359 1773 409 idem

232 448 388 497 cadere
434 448 573 497 addit.
646 447 853 515 Apparet
893 456 1042 496 autem
1086 446 1195 496 haec
1225 445 1773 511 -·omnia‘ab,·.anim'orum

230 536 430 584 motibus
475 538 636 600 procul
672 537 940 591 abhorrere,
986 538 1154 599 quippe
1198 546 1312 599 quae
1357 535 1775 587 recordantium‘·a,t

229 623 650 688 philosophantium
687 626 815 692 sint.
852 632 897 671 et
937 624 1149 686 quietam.
1176 624 1331 686 potius
1366 621 1772 676 ‘considerationem

231 726 365 776 quam
402 711 874 758 excitatumanimum
911 710 1108 774 exigant.
1168 707 1284 758 Cum
1320 717 1470 767 autem
1503 711 1688 758 cantica>
1713 736 1769 758 .·-
1843 735 1848 739 ·

229 800 469 862 praecipue
506 807 620 862 quae
656 814 760 845 vera
798 798 970 843 cantica
1001 805 1108 844 sunt
1132 803 1203 840 1-
1243 796 1508 860 plerumque
1543 796 1776 846 hominum

230 901 379 933 mores
406 883 674 941 describant,
713 885 755 932 in
782 892 1227 947 tantapersonarum
1253 882 1547 933 similitudine
1565 883 1776 933 fierinon

231 975 405 1037 potuit,
450 974 560 1038 quin
605 988 739 1037 saepe
783 980 1045 1036 argumenta
1092 967 1208 1019 inter
1243 987 1291 1019 se
1327 971 1546 1020 simillima
1580 970 1777 1021 habeant

232 1058 460 1128 (xm-Most.
486 1060 563 1127 IV,
596 1058 637 1108 1.
673 1060 794 1108 Men.
820 1058 877 1114 V,
904 1056 970 1118 6).
1024 1057 1129 1109 Inde
1164 1057 1356 1108 fortasse
1385 1060 1554 1125 aliquis
1578 1060 1773 1125 colligat,

230 1165 325 1197 eam
354 1150 589 1196 'materiam
626 1147 858 1212 paullatim
893 1148 955 1193 ita
991 1146 1255 1193 exhaustam
1291 1162 1411 1202 esse,
1448 1156 1687 1212 ut'poeta„
1719 1163 1776 1199 ne

229 1235 426 1283 taedium
465 1235 641 1283 afferret
684 1232 993 1300 auditoribuS‚
1041 1235 1224 1282 omnino
1267 1232 1323 1283 ab
1367 1249 1417 1280 ea
1450 1249 1507 1283 ,re
1552 1233 1775 1284 abstinere

229 1324 400 1370 manet:
436 1325 506 1370 cui
543 1324 825 1370 coniecturae
862 1321 950 1368 hoc
985 1319 1180 1368 arridere
1205 1319 1396 1376 videtur,
1434 1320 1559 1385 quod
1594 1322 1773 1370 iti—‘aliis

229 1409 392 1457 sabulis
428 1411 621 1474 plurima
657 1411 825 1455 cantica
861 1410 1177 1464 inveniuntur,
1224 1410 1270 1454 in
1313 1409 1409 1455 aliis
1445 1409 1581 1456 nulia.
1620 1409 1775 1459 ..Nihil

228 1507 378 1546 tamen
412 1513 472 1544 cx
507 1496 592 1544 hac
626 1513 673 1543 re
710 1497 986 1544 coniecerim.
1056 1493 1160 1542 Nou
1200 1497 1348 1544 'minus
1390 1498 1505 1546 enim
1529 1506 1686 1561 poeta
1727 1500 1773 1545 in

232 1585 415 1634 canticis
452 1581 635 1631 eandem
672 1599 763 1630 rem
797 1584 977 1648 saepius
1011 1590 1199 1630 tractare
1232 1585 1399 1648 potuit,
1425 1600 1569 1649 quam
1595 1586 1640 1633 in
1662 1586 1773 1636 totis

230 1671 395 1720 fabulis
432 1670 752 1735 componendis
799 1670 982 1719 eandem
1023 1673 1251 1719 materiam
1286 1673 1501 1720 continuo
1534 1672 1770 1723 retinebat.

229 1760 465 1808 Praeterea
503 1768 648 1807 autem
686 1760 923 1816 nescimus,
961 1775 1017 1807 an
1044 1760 1191 1807 omnia
1217 1762 1384 1809 cantica
1408 1766 1585 1810 servata
1608 1760 1773 1812 habea-

230 1864 354 1902 mus,
404 1849 666 1911 praesertim
702 1846 894 1894 cum'ad
929 1863 1188 1895 scaenarum
1223 1864 1387 1896 nexum
1423 1847 1513 1896 fere
1547 1858 1771 1914 nusquam

230 1937 479 1983 necessaria
515 1936 619 1981 sint.
1667 1997 1679 2006 ἣ

332 2022 423 2071 Sed
459 2023 861 2088 has'quaestiones
897 2022 1125 2088 relinquo,
1174 2023 1419 2089 cum..plus
1455 2026 1667 2074 interesse
1702 2026 1770 2074 vi.-

230 2111 411 2167 deatur‚
455 2118 508 2159 ut
543 2110 709 2177 quibus
745 2122 1033 2159 numerorum
1069 2110 1309 2176 generibus
1344 2112 1533 2162 Plautus
1576 2115 1622 2162 in
1666 2130 1770 2162 can·

229 2202 328 2246 ticis
364 2215 475 2246 usus
513 2201 585 2254 sit,
626 2209 896 2264 exponatur.
949 2198 1070 2246 Haec
1093 2216 1185 2247 non
1213 2202 1358 2247 omnia
1391 2203 1499 2260 satis
1535 2202 1769 2266 explorata

229 2296 350 2340 sunt,
388 2303 532 2350 neque
564 2289 682 2334 inter
705 2287 897 2334 editores
922 2303 1098 2351 semper
1121 2291 1351 2335 convenit:
1388 2287 1598 2337 videntur
1620 2299 1768 2354 autem

223 2373 339 2421 haec
372 2375 656 2437 potissimum
695 2376 1052 2422 metracanticis
1088 2374 1327 2423 tribuenda
1363 2391 1480 2423 esse:

983 2529 1017 2577 I.

330 2632 608 2684 Trockaicz'
642 2646 687 2684 et
719 2640 938 2686 octonarii
956 2647 1005 2686 vet
1023 2639 1290 2702 septenarii:
1328 2637 1502 2686 dimetri
1528 2639 1765 2688 catalectici
1800 2695 1803 2698 ,

227 2722 413 2783 (Pseud.
441 2741 483 2772 v.
511 2723 610 2773 210
626 2752 680 2761 --
696 2723 808 2773 214.
846 2724 942 2775 217
961 2750 1014 2763 ⁴-
1033 2724 1155 2774 218.
1208 2725 1335 2773 Trin.
1371 2744 1413 2774 v.
1440 2725 1540 2775 247.
1555 2757 1608 2768 —-
1625 2725 1765 2788 249„

226 2828 385 2873 versus
441 2827 497 2859 ex
542 2810 659 2860 binis
712 2814 922 2878 tripodiis
975 2813 1238 2865 catalecticis
1273 2814 1762 2884 ‘'compositifflacch.

226 2897 572 2962 v.643.645t
