1985 3271
980 152 1040 203 12

234 292 398 347 miror,
421 288 563 354 ‘quod
598 290 696 353 ipse
731 290 777 336 in
809 286 948 336 Elem.
975 287 1119 335 doctr.
1153 297 1280 336 metr.
1309 306 1354 354 p.
1374 287 1475 338 444
1511 300 1668 339 contra
1703 307 1781 340 eos

234 381 315 444 qui
350 378 510 427 ionicis
556 395 581 425 a
615 379 785 424 maiore
821 374 982 424 modos
1018 374 1160 423 facere
1196 376 1434 426 voluerant
1469 374 1649 442 (Apel),
1678 380 1782 427 hoe

234 465 450 514 Aristidis
496 463 760 525 Quintiliani
812 463 914 511 loco
960 478 1071 510 usus
1125 461 1287 512 fuerat.
1347 463 1438 513 Sed
1481 464 1778 525 Her-mannus,

236 555 366 602 cuius
403 555 582 605 minime
618 556 717 601 mos
754 561 862 609 erat,
900 561 953 602 ut
988 554 1024 599 si
1063 551 1172 616 quid
1197 554 1343 601 minus
1381 563 1505 602 recte*
1534 556 1778 612 statuisset,

236 651 384 691 tamen
421 643 686 689 sententiam
723 658 849 690 suam
885 639 1113 688 mordicus
1149 649 1339 697 teneret,
1388 641 1442 689 de
1478 641 1688 690 Sotadeis
1717 657 1779 690 ¹sc

237 745 434 785 errasse,
482 738 537 776 et·
561 728 895 776 hosnumeros
938 726 997 777 ab
1043 729 1163 774 omni
1198 730 1327 792 poesi
1370 730 1569 778 scaenica
1612 729 1780 790 alienos

239 833 359 874 esse,
406 819 503 882 ipse
538 815 674 864 libere
711 816 942 881 professus
979 824 1047 863 est
1090 812 1203 874 (vid.
1240 815 1584 864 Zimmermanni
1619 815 1779 883 Diurn.

239 907 411 969 antiqu.
438 920 478 951 a.
510 902 635 952 1837
661 920 708 968 p.
736 902 870 964 759).
935 902 1083 969 Quare
1127 904 1301 959 nescio,
1348 918 1439 968 quo
1486 905 1581 951 iure
1625 912 1782 952 nostra

238 1009 421 1060 quoque
444 1001 587 1040 aetate
620 1008 712 1039 non
748 993 859 1040 nulli
883 991 1126 1040 Hermanni
1152 989 1376 1039 Sotadeos
1412 993 1603 1039 retinere
1626 991 1778 1042 velint.

987 1126 1037 1174 Π.

339 1234 681 1287 Dockmiacos
717 1236 876 1300 tragici
913 1232 1233 1285 Graecivalde
1268 1233 1549 1293 adamarunt,
1590 1238 1781 1286 maxime

236 1325 492 1391 Euripides·
549 1323 718 1373 Comici
747 1323 899 1372 Graeci
938 1334 1045 1372 tunc
1077 1333 1249 1371 tantum
1275 1326 1337 1371 eis
1373 1324 1521 1373 locum
1546 1324 1778 1382 dederunt,

238 1430 338 1462 cum
374 1412 652 1478 tragoediam
696 1411 752 1459 ad
795 1411 1031 1459 ridiculum
1077 1411 1303 1475 quoddam
1348 1421 1658 1476 argumentum
1704 1413 1808 1461 de-‘

237 1499 512 1569 torquebant
538 1500 606 1548 vel
642 1495 921 1554 comoediam,
943 1500 1114 1565 tragico
1151 1498 1378 1564 quoddam
1404 1498 1554 1568 colore
1579 1498 1778 1568 affectam

237 1606 334 1637 esse
371 1587 597 1635 volebant.
656 1587 801 1635 Latini
840 1603 947 1634 vero
988 1589 1166 1652 comici,
1203 1588 1279 1652 qui
1318 1583 1500 1635 omnino
1537 1603 1564 1634 a
1600 1586 1780 1637 Graecis

237 1693 289 1725 ea
324 1685 499 1725 tantum
546 1684 684 1723 metra
730 1674 1039 1731 adsciverunt,
1088 1691 1201 1739 quae
1245 1674 1527 1740 longioribus
1573 1675 1778 1746 versibus

236 1774 343 1830 apta
379 1762 588 1828 expedite
622 1762 786 1818 fluunt,
826 1762 1127 1819 dochmiacoS‚
1171 1748 1247 1827 qui
1284 1762 1369 1811 sibi
1406 1764 1493 1828 ipsi
1529 1760 1779 1829 repugnare

237 1862 282 1900 et
315 1868 564 1899 sermonem
601 1851 809 1898 consulto
847 1849 1073 1898 retardare
1099 1849 1319 1907 videntur,
1357 1866 1449 1898 non
1487 1850 1777 1917 adoptarunt.

236 1939 385 1987 Pauca
430 1941 546 1987 enim
592 1939 667 1986 illa
714 1940 900 2002 vestigia
947 1954 1060 2002 quae
1105 1937 1388 1986 Hermannus
1435 1940 1481 1985 in
1523 1938 1700 2006 Plauto!
1731 1956 1778 1988 se

236 2025 585 2091 deprehendisse
621 2024 823 2089 putabat,
862 2026 957 2072 sine
981 2016 1228 2072 mutatione
1253 2025 1347 2072 aliis
1374 2041 1556 2091 quoque
1580 2029 1778 2075 numeris

234 2114 372 2163 tribui
420 2122 630 2179 possunt.
701 2112 803 2161 Non
849 2113 983 2160 nullis
1029 2115 1143 2162 enim
1190 2114 1300 2160 locis
1345 2131 1501 2162 versus
1550 2131 1607 2162 ex
1658 2114 1776 2164 binis

234 2202 444 2268 tripodiis
469 2201 707 2250 trochaicis
733 2201 994 2249 catalecticis
1019 2210 1200 2265 praesto
1236 2210 1356 2257 sunt,
1395 2202 1491 2249 aliis
1526 2202 1625 2252 alia.
1678 2198 1779 2251 Rit'-

235 2290 428 2337 schelius
464 2299 611 2336 autem
649 2299 693 2337 et
726 2289 762 2336 F
766 2279 1038 2337 leckeisenus
1074 2291 1120 2335 in
1152 2288 1399 2335 bacchiacis
1424 2271 1622 2338 dimetris
1658 2299 1778 2338 cata·

232 2376 398 2424 lecticis
435 2375 656 2441 refugium
695 2379 1027 2441 quaesiverunt,
1066 2377 1127 2423 ita
1163 2385 1323 2433 tamen,
1362 2385 1413 2424 ut
1446 2385 1603 2426 neuter
1638 2376 1778 2425 doch-

233 2466 402 2511 miacos
446 2480 657 2511 numeros
695 2464 971 2514 confidenter
1004 2467 1211 2513 reiceret:
1255 2481 1356 2512 nam
1394 2462 1484 2523 (ille
1520 2465 1577 2513 ad
1612 2464 1774 2513 Bacch.

233 2569 278 2599 v.
306 2549 421 2608 662,
450 2551 523 2599 hic
546 2551 603 2598 ad
626 2551 746 2600 Rud.
773 2570 816 2600 v.
838 2551 957 2613 230)
984 2553 1233 2618 dochmiaci
1261 2560 1305 2599 et
1327 2550 1549 2602 bacchiaci
1574 2553 1776 2621 rhythmi

232 2638 322 2688 fere
360 2642 590 2705 optionem
629 2639 751 2687 dant.

974 2727 1043 2777 III.

335 2834 624 2885 Bacchiacz‘
658 2832 956 2886 catalectici
989 2846 1032 2885 et
1067 2836 1241 2886 dimetri
1278 2845 1322 2884 et
1351 2837 1547 2888 trimetri.
1571 2847 1774 2888 ettetra·

232 2927 360 2976 metri
398 2935 441 2977 et
476 2925 722 2977 hexametri
764 2926 809 2975 in
846 2925 1119 2978 editionibus
1154 2927 1459 2978 inveniuntur·
1530 2925 1621 2978 Sed
1663 2926 1772 2978 mihi
