1985 3271
961 135 1025 185 39

234 274 402 324 creticis
438 264 486 320 etv
514 270 659 320 troch.
687 271 862 337 tripod.
896 281 979 319 cat.
1019 272 1298 337 compositos
1336 287 1430 319 esse
1468 272 1686 328 voluisse,
1725 280 1769 318 et

233 375 307 410 vv.
336 358 479 417 1309,
510 354 639 407 1310
675 362 736 407 ita
771 360 911 408 hiatui
947 360 1094 407 locum
1132 359 1332 407 dedisse:

434 445 608 496 Libera
641 444 867 496 ddcubat.
922 447 1179 496 Pessumu’s
1215 446 1369 494 homo.

421 526 530 589 set,
568 533 716 593 Simo,
752 534 813 582 tit
844 534 987 599 probe
1022 536 1166 582 teictus
1203 535 1406 583 Balliost.

232 622 373 687 Atqui
397 619 727 669 Fleckeisenum
764 639 837 670 vv.
869 620 1011 680 1309,
1041 621 1168 671 1310
1205 640 1261 671 ex
1295 621 1413 672 binis
1440 619 1649 687 tripodiis
1673 628 1770 668 tro-

232 710 394 758 chaicis
430 711 761 770 composuisse:

411 793 590 848 lLibera
626 792 832 843 adcubat.
884 795 1143 844 Pessumu’s
1179 798 1331 844 homo.

432 881 528 940 set,
566 882 707 941 Simo,
744 893 797 931 ut
831 881 972 948 probe
1007 884 1152 932 tactus
1188 884 1390 932 Balliost.

232 981 276 1022 et
310 973 456 1038 apices
500 970 684 1037 syllabis
729 974 925 1037 appositi
972 971 1155 1029 docent,
1201 982 1243 1021 et
1286 975 1330 1021 in
1368 986 1654 1020 numerorum
1693 970 1770 1020 de-

232 1061 485 1125 scriptione,
524 1075 638 1125 quae
673 1061 914 1124 unicuique
951 1058 1126 1107 fabulae
1153 1060 1305 1108 addita
1331 1070 1411 1116 est,
1449 1068 1653 1108 notatum
1691 1075 1771 1105 ex-

232 1157 333 1196 stat.
386 1177 440 1185 -
487 1146 689 1212 Denique
733 1147 1003 1196 Ritschelius
1050 1164 1193 1214 »ego«
1248 1147 1416 1196 addens
1463 1146 1575 1196 duas
1622 1146 1767 1196 troch.

230 1234 449 1301 tripodias
486 1244 567 1283 cat.
607 1221 880 1292 coniunxit:,

326 1316 327 1319 Ἴ
432 1322 535 1371 Non
571 1324 695 1372 vides
733 1340 799 1370 me
835 1326 901 1371 uti
937 1323 1111 1372 madido
1146 1324 1344 1371 madeam
1382 1320 1540 1386 [ego]?

230 1410 315 1458 Hic
349 1426 506 1458 versus
549 1427 630 1475 per
665 1427 711 1458 se
745 1409 917 1468 bonus,
966 1410 1044 1459 sed
1081 1410 1341 1459 emendandi
1379 1413 1494 1458 ratio
1533 1427 1625 1459 non
1662 1426 1770 1477 pro·

229 1496 390 1546 babilis
427 1505 507 1546 est.
579 1497 822 1546 Librorum
858 1507 1006 1547 autem
1044 1501 1279 1565 scriptura,
1319 1514 1432 1564 quae
1470 1507 1561 1547 est:

431 1585 533 1634 Non
570 1585 695 1633 vides
731 1603 799 1633 me
833 1588 887 1635 1'1t
921 1587 1095 1635 madide
1131 1586 1363 1635 madeam?

232 1675 418 1722 creticus
453 1676 652 1723 trimeter
686 1681 768 1722 cat.
796 1674 936 1723 videri
961 1684 1113 1740 potest
1146 1673 1215 1736 (ut
1239 1675 1358 1723 Men.
1386 1692 1429 1722 v.
1452 1672 1544 1723 331
1576 1676 1773 1723 trimeter

229 1761 528 1823 haechiacus),
554 1758 659 1811 ¹non
694 1772 838 1811 autem
876 1773 1066 1811 constat.
1115 1764 1326 1812 Fortasse
1360 1764 1613 1829 corruptela
1649 1764 1768 1811 latet.

231 1850 341 1900 Utut
379 1861 459 1909 est,
497 1851 584 1899 hoc
620 1861 786 1900 certum
824 1868 919 1900 esse
956 1862 1093 1917 puto,
1132 1852 1188 1900 ad
1223 1853 1268 1900 id
1311 1854 1574 1901 ereticorum
1611 1868 1767 1919 genus,

232 1938 284 1988 de
321 1955 412 2005 quo
448 1954 568 1987 nunc
603 1941 792 2005 agimus,
829 1956 927 1987 eum
965 1957 1142 1988 versum
1178 1958 1268 1989 non
1306 1942 1542 2006 pertinere.

231 2027 400 2076 Deinde
437 2027 559 2091 apud
594 2028 895 2075 Hermannum
931 2029 1095 2093 legitur
1130 2047 1172 2076 v.
1205 2028 1355 2077 1299:

435 2113 548 2163 Cum
586 2116 751 2162 corolla
779 2103 961 2163 ‘ebrium
999 2116 1235 2164 incedere?
1286 2117 1361 2164 Ps.
1387 2115 1547 2165 Lubet·

229 2201 377 2251 Huius
414 2219 571 2251 versus
607 2219 749 2268 pauca
786 2205 974 2270 vestigia
1009 2206 1054 2252 in
1080 2204 1136 2252 A.
1167 2214 1342 2253 servata
1377 2214 1497 2261 sunt,
1537 2203 1655 2252 unde
1691 2222 1772 2270 ap-

229 2305 385 2355 parere
422 2290 613 2347 videtur,
652 2291 921 2339 vocabulum
947 2292 1172 2358 quoddam
1209 2295 1362 2357 paucis
1393 2293 1530 2340 literis
1558 2302 1769 2340 constans

231 2387 331 2426 ante
369 2377 552 2427 »lubet«
590 2379 881 2451 intercidisse.
947 2380 1093 2442 Quare
1129 2381 1219 2429 Rit.
1260 2384 1379 2428 »ita«
1418 2383 1692 2446 interposuit
1727 2391 1772 2430 et

231 2468 437 2516 creticum
476 2467 709 2516 dimetrum
748 2483 846 2516 eum
891 2468 1117 2518 trochaica
1158 2469 1353 2535 tripodia
1390 2479 1473 2518 cat.
1513 2469 1771 2535 descripsit:

433 2554 548 2604 Cum
585 2556 751 2603 corolla
788 2556 959 2604 ebrium
995 2558 1196 2605 incedere
1232 2558 1307 2604 Ps.
1347 2555 1448 2619 [Ita]
1486 2557 1623 2604 lubet.

228 2642 387 2689 Potest
431 2653 577 2690 autem
621 2645 809 2709 pusillae
851 2645 969 2692 illius
1012 2645 1168 2693 turbae
1210 2648 1256 2692 in
1300 2646 1356 2693 A.
1394 2655 1593 2711 repertae
1637 2648 1767 2693 etiam

230 2729 313 2777 alia
358 2737 491 2777 causa
537 2735 749 2797 cogitari,
802 2735 1064 2797 praesertim
1107 2749 1205 2780 cum
1254 2750 1470 2799 personae
1517 2743 1765 2781 mutentur:

231 2818 276 2867 in
320 2818 502 2889 reliquis
546 2818 671 2869 libris
718 2820 888 2872 nullum
932 2821 1114 2873 lacunae
1158 2824 1394 2892 vestigium
1450 2831 1516 2871 est
1569 2831 1611 2870 et
1661 2837 1766 2868 sane
