1985 3271
993 153 1058 205 26

453 286 624 359 Nempe
662 288 843 341 domum
880 307 933 340 eo
971 292 1317 343 commissatum.
1374 292 1430 342 D.
1472 293 1624 343 'Immo
1670 297 1787 344 istuc

1062 383 1257 448 quidem.
1313 382 1364 431 C.
1400 383 1499 431 Jam
1536 388 1728 432 memini.

248 465 550 514 Personarum
602 476 735 515 notas
788 470 834 515 in
886 468 1117 533 prioribus
1173 469 1354 519 duobus
1414 470 1620 520 versibus
1672 471 1786 520 Her-

247 554 437 601 mannus
473 562 589 602 recte
615 553 867 603 distribuitz
903 558 948 603 in
985 559 1134 615 tertio,
1172 561 1251 624 qui
1276 567 1345 606 est
1378 559 1634 606 trochaicus
1659 568 1789 606 octo·

246 643 424 697 narius,
472 652 515 689 et
558 641 613 688 ab
650 642 905 690 Hermanno
954 644 1119 703 (Elem.
1144 664 1190 710 p.
1218 644 1344 705 214)
1390 656 1435 694 et
1478 664 1504 694 a
1538 646 1787 695 Ritschelio'

245 728 539 778 recedendum
577 739 685 778 erat.
739 729 859 779 Nihil
897 733 1272 797 interponendum
1310 743 1391 782 est.

347 817 391 866 2.
428 816 667 871 bacchiaco
705 828 963 868 tetrametro
1000 822 1315 885 praemittitur,
1353 821 1478 870 PerS.
1505 839 1547 870 v.
1574 819 1696 870 251:

514 906 618 954 J6vi
656 909 888 972 opulento,
925 909 1112 965 incluto,

448 993 546 1060 Ope
580 996 734 1059 gnate,
774 999 1002 1061 supremo,
1040 996 1205 1054 valido,
1243 999 1521 1063 viripotenti.

347 1081 392 1132 3.
428 1083 619 1132 iambico
657 1087 833 1132 senario
870 1078 990 1132 Men.
1019 1102 1061 1132 v.
1088 1082 1209 1134 351:

515 1171 621 1221 Sine
656 1172 765 1221 foris
804 1173 889 1220 sic:
926 1172 1013 1229 abi,

444 1259 563 1307 Nolo
601 1261 822 1325 opperiri:
859 1261 979 1307 intus
1017 1277 1127 1324 para
1163 1262 1269 1308 cura
1306 1261 1421 1309 vide.

342 1346 390 1396 4.
426 1348 656 1397 trochaico
695 1350 947 1413 septenario
984 1346 1149 1396 Pseud.
1176 1365 1219 1396 v.
1250 1346 1403 1397 1122:

509 1435 636 1485 Leno
673 1446 907 1502 argentum
945 1436 1032 1484 hoc
1068 1435 1174 1483 volo

444 1522 502 1573 ‘A
526 1542 593 1573 me
618 1528 805 1590 accipiat
829 1526 961 1591 atque
987 1527 1160 1573 amittat
1185 1526 1409 1574 mulierem
1434 1525 1604 1575 mecum
1629 1526 1777 1574 simul.

342 1613 388 1662 5.
426 1614 657 1662 trochaico
696 1616 929 1661 octonario
966 1614 1091 1661 Pers.
1117 1631 1160 1661 v.
1186 1613 1309 1663 797:

510 1701 717 1767 Jfirgium
755 1702 860 1750 hinc
896 1700 1085 1758 auferas,

444 1788 495 1838 Si
529 1792 693 1856 sapias.
747 1789 803 1837 D.
840 1789 904 1837 At
936 1788 1057 1837 bona
1094 1788 1250 1836 liberta
1285 1790 1395 1837 haec
1430 1789 1598 1838 scivisti
1632 1798 1676 1837 et
1710 1805 1778 1837 me

1051 1876 1284 1924 celavisti?

237 1965 417 2016 Eisdem
442 1967 638 2014 numeris
664 1975 870 2015 constare
894 1975 1008 2032 puto
1036 1965 1174 2014 Most.
1202 1982 1243 2013 v.
1270 1963 1369 2014 320
1394 1981 1477 2031 sq„
1515 1967 1594 2032 qui
1620 1981 1777 2015 versus

238 2054 361 2120 apud
395 2054 489 2102 Rit.
527 2056 590 2101 sic
625 2054 857 2120 leguntur:

440 2141 495 2189 D.
535 2140 724 2206 semper
759 2142 873 2189 istoc
909 2140 1044 2189 modo
1084 2137 1218 2202 [tute]
1258 2140 1482 2189 moratus:

566 2265 1000 2278 ......
1072 2230 1179 2285 vita,
1218 2228 1426 2277 debebas.

442 2317 493 2367 C.
532 2319 672 2366 Visne
709 2321 791 2383 ego
829 2328 873 2366 te
910 2334 961 2365 ac
994 2327 1045 2366 tu
1083 2317 1184 2365 med
1220 2315 1519 2382 amplectare?

235 2407 311 2456 Ad
345 2408 548 2455 lacunam
585 2406 789 2454 editores·
819 2405 1103 2471 refugerunt,
1150 2407 1255 2470 quia
1292 2404 1429 2453 verba
1471 2421 1607 2453 sensu
1651 2421 1777 2453 cassa

154 2549 157 2552 ,
235 2506 356 2546 sunt.
424 2494 538 2544 Cum
574 2505 720 2542 autem
768 2493 941 2542 codices
983 2510 1127 2559 neque
1171 2492 1330 2541 »med«
1374 2502 1621 2557 agnoscant
1656 2482 1793 2552 (vid.⁴

235 2583 558 2650 Umpfenbach.
610 2583 758 2632 Melet.
786 2583 933 2631 Plaut.
971 2600 1015 2647 p.
1042 2580 1163 2644 40),
1201 2598 1345 2648 neque
1380 2582 1562 2631 lacunae
1598 2583 1774 2648 signum

235 2672 492 2739 praebeant,
529 2674 590 2719 ita
628 2674 918 2720 correxerim:

506 2760 562 2807 D.
602 2759 789 2824 Semper
824 2759 939 2809 istoc
974 2757 1110 2808 modo

439 2848 646 2897 Moratus
691 2849 826 2896 vitam
864 2847 1072 2913 degebaS.
1136 2844 1187 2895 C.
1226 2845 1364 2894 Visne
1409 2862 1492 2912 ego
1540 2856 1583 2896 te
1628 2862 1679 2894 ac
1723 2856 1773 2894 tu

1046 2952 1113 2984 me
1150 2934 1450 3001 amplectare?
