1985 3271
940 106 1004 155 25

204 248 331 300 Alter
365 254 511 294 autem
546 243 668 293 Men.
706 260 749 292 v.
776 241 897 293 572:

371 333 568 399 ⁴‘Atque
621 335 687 385 uti
740 333 907 398 quique
958 341 1065 380 sunt
1109 333 1282 396 optumi
1325 332 1522 379 maxumi
1569 333 1736 380 morem

723 422 725 424 ’
1172 418 1338 469 habent
1373 420 1541 475 hunce:

203 527 296 560 non
332 511 439 557 satis
476 518 622 561 certus
659 518 739 557 est.
797 508 922 558 Unus
957 507 1204 557 addendus.
1225 523 1320 556 esse
1355 507 1534 557 videtur
1569 507 1739 561 Pseud,

203 596 395 650 v.935:

327 727 333 732 .
406 684 487 734 Set
515 685 615 734 vide
641 686 824 734 ornatus
849 685 923 733 hic
945 687 1015 735 me
1038 687 1153 734 satin
1179 684 1422 732 condecet?
1456 684 1507 732 P.
1524 682 1735 750 ‘Optume

1168 772 1302 821 habet
1338 772 1386 821 S.
1407 770 1546 822 'Esto.

201 864 289 911 hoc
334 877 516 927 quoque
560 861 659 909 loco
706 869 960 909 tetrameter
1000 870 1044 909 et
1079 860 1261 909 dimeter
1295 860 1428 908 facile·
1454 871 1731 925 separantur,

202 960 245 998 et
282 950 466 997 dimeter
502 948 668 997 claudit
702 958 998 996 tetrametros.
1063 948 1233 996 Deinde
1267 948 1481 997 trochaici
1517 952 1734 997 octonarii

200 1040 432 1104 incipiunt,
470 1040 532 1085 ita
568 1036 757 1085 fortasse
788 1036 1038 1090 scribendi:
1642 1094 1647 1099 ι

407 1125 601 1173 Tantum
640 1124 684 1172 di
719 1124 827 1172 boni
863 1123 1120 1176 inmortales
1157 1124 1237 1172 tibi
1275 1124 1393 1181 dent,
1431 1134 1648 1188 quantum
1683 1126 1734 1173 ἰή

1247 1211 1330 1259 tibi
1366 1222 1518 1276 optes:

404 1298 515 1349 Nam
552 1302 588 1347 si
625 1309 855 1364 exoptem,
904 1300 1121 1364 quantum
1156 1299 1355 1365 dignu’S‚
1403 1300 1573 1347 tantum
1611 1300 1730 1357 dent,

1246 1387 1390 1437 mimis
1424 1388 1564 1436 nihilo
1603 1391 1682 1436 sit:

199 1492 343 1541 neque
379 1485 539 1525 temere
573 1476 650 1523 illo
678 1477 967 1541 potissimum
1005 1492 1138 1523 versu
1163 1476 1220 1524 ad
1243 1476 1495 1524 trochaicos
1519 1493 1730 1524 numeros
1760 1480 1762 1482 ’

200 1566 439 1620 transitur,
495 1564 620 1628 quod
663 1573 818 1611 »esto«
863 1566 1003 1629 priori
1048 1545 1289 1612 sententiae
1333 1564 1462 1612 finem
1511 1563 1634 1622 fecit,
1689 1573 1732 1612 et

198 1668 318 1698 nunc
352 1651 607 1698 Pseudulus
651 1652 909 1717 gratulaturv
938 1662 980 1700 et
1016 1651 1296 1699 adhortatur.
1363 1651 1411 1699 Id
1448 1668 1627 1716 quoque
1663 1652 1732 1699 lu-

199 1755 395 1796 cramur,
441 1749 493 1787 ut
540 1756 748 1789 versuum
794 1739 1122 1791 distinctionem
1165 1742 1209 1786 in
1245 1739 1371 1787 libris
1407 1749 1625 1788 servatam
1662 1756 1731 1787 re-

197 1829 441 1883 tineamus,
488 1838 532 1875 et
574 1831 617 1875 in
663 1827 951 1893 sequentibus
996 1845 1088 1875 non
1132 1837 1218 1875 tam
1265 1828 1397 1893 longe
1438 1846 1464 1875 a
1499 1827 1728 1877 codicibus

197 1915 489 1964 recedendum
526 1919 598 1975 sit,
637 1933 770 1981 quam
803 1916 1049 1965 Ritschelio
1088 1933 1202 1981 opus
1239 1914 1338 1964 fuit.

595 2071 672 2119 DE
710 2070 997 2120 DIMETRIS
1036 2069 1328 2121 CRETICIS.

332 2179 518 2227 Dimetri
555 2181 701 2228 cretici
737 2197 829 2227 non
864 2182 950 2243 ipsi
988 2183 1080 2229 suis
1106 2183 1301 2229 numeris
1327 2183 1545 2238 nituntur,
1584 2199 1727 2247 neque

196 2265 347 2331 plures
384 2268 728 2325 continuantur,
773 2267 853 2317 sed·
888 2284 1060 2333 semper
1096 2268 1191 2316 aliis
1229 2268 1430 2317 versibus
1468 2268 1724 2328 adhaerent,

196 2356 347 2418 eisque
383 2364 461 2402 aut
495 2357 855 2418 praemittuntur,
894 2365 972 2403 aut
1006 2356 1301 2402 clausularum
1337 2358 1381 2402 in
1411 2357 1593 2405 modum
1621 2357 1729 2406 sub-

190 2432 404 2490 iciuntur.
463 2443 756 2492 Inveniuntur
799 2453 945 2492 autem
992 2461 1092 2492 cum
1126 2443 1332 2493 omnibus
1368 2444 1457 2494 fere
1489 2446 1726 2510 generibus

194 2530 443 2579 coniuncti:
1088 2582 1091 2583 ⁷

299 2616 341 2664 1.
379 2627 635 2666 tetrametro
662 2620 822 2666 cretico
851 2609 1152 2684 praemittitur
1176 2619 1361 2669 dimeter
1383 2622 1521 2669 Most.
1542 2639 1584 2668 v.
1607 2620 1723 2670 333:

465 2704 516 2754 C.
555 2707 667 2755 Hem
706 2717 818 2755 tene.
856 2707 911 2755 D.
936 2708 1033 2772 Age
1071 2711 1084 2754 i
1119 2709 1135 2755 1'
1171 2710 1316 2757 simul.

398 2791 447 2843 C.
488 2791 589 2855 Quo
626 2811 709 2861 ego
747 2811 864 2853 eam,
903 2812 958 2844 an
995 2794 1112 2843 scis?
1165 2795 1219 2845 D.
1248 2796 1367 2846 Scio.
1430 2796 1481 2848 C.
1518 2799 1565 2847 In
1602 2800 1723 2846 men-

999 2893 1085 2932 tem
1122 2886 1243 2935 ven1't
1278 2886 1437 2935 modo:
