1985 3271
1000 132 1066 180 38

256 274 360 327 sint,
401 287 500 318 cum
528 269 922 335 antepenultimam
950 271 1186 333 ancipitem
1213 268 1422 326 habeant,
1461 268 1586 317 velut
1621 267 1801 328 sufflo,—

260 376 302 406 v.
330 357 444 415 707,
484 358 563 406 sed
600 366 800 422 praestat
822 373 1001 405 servare
1035 372 1263 414 numeros,
1301 359 1378 423 qui
1413 356 1546 404 nuncx
1568 357 1632 404 eis
1654 356 1800 406 tribu-

257 456 421 502 untur,
473 445 607 492 binos
653 446 839 492 creticos
885 446 1151 493 coniunctos
1197 461 1298 493 cum
1341 444 1567 493 trochaica
1599 443 1801 510 tripodi'a

256 534 522 580 catalectica.

253 620 412 670 Eiusd.
440 637 546 668 vero
584 637 627 667 v.
655 617 775 668 336:

458 706 577 756 Num
615 725 707 755 non
743 709 813 754 vis
849 705 1026 755 obviam
1063 706 1135 755 his
1170 706 1235 755 ire
1270 708 1413 755 anime
1448 704 1541 757 mi?

259 812 519 861 quanquam
546 795 681 847 ¹solus
719 804 788 844 est
822 796 906 843 hac
941 811 1086 853 scena,
1122 805 1269 843 tamen
1306 804 1349 843 et
1383 811 1409 843 a
1446 794 1571 843 libris
1606 797 1804 843 auctori-

257 893 394 932 tatem
431 893 475 932 et
511 900 537 931 a
573 886 768 932 numeris
806 866 1141 932 excusationem
1174 881 1325 931 habet.
1378 882 1530 949 Atque
1565 900 1618 932 eo
1654 885 1803 932 minus

258 989 359 1020 eum
397 972 635 1020 sollicitare
671 974 836 1029 ausim,
886 971 1012 1038 quod
1047 974 1178 1019 etiam
1223 973 1301 1037 qui
1346 981 1599 1037 sequuntur
1643 988 1801 1020 versus

257 1063 393 1109 variis
431 1062 694 1109 ereticorum
733 1059 973 1126 generibus
1009 1068 1231 1117 constant,
1270 1059 1324 1107 de
1349 1059 1515 1126 quibus
1551 1058 1643 1108 vid.
1668 1059 1801 1109 infra.

254 1148 347 1198 Rit.
385 1158 534 1196 autem
571 1150 874 1213 transposuit:

459 1235 576 1284 Num
615 1252 707 1284 non
744 1238 812 1283 vis
849 1234 1027 1284 obviam
1063 1235 1135 1284 his
1171 1235 1234 1284 ire
1269 1250 1339 1283 me
1374 1236 1518 1284 anime
1553 1234 1648 1284 mi?

355 1325 540 1373 Praeter
564 1325 885 1372 Mostellariam
918 1325 1082 1373 Pseud.
1109 1325 1167 1381 V,
1194 1324 1224 1372 2
1260 1325 1515 1389 complures
1549 1340 1707 1374 versus
1743 1324 1802 1373 ad

255 1414 343 1461 hoc
386 1428 529 1478 genus
572 1413 815 1476 pertinent.
893 1410 1057 1460 Nullus
1102 1410 1281 1477 quidem
1328 1411 1492 1477 legitur
1536 1411 1659 1478 apud
1700 1410 1801 1460 Rit-

255 1501 496 1548 schelium:
533 1516 666 1557 unus,
703 1499 784 1547 sed
819 1502 897 1565 qui
932 1499 1117 1565 probari
1154 1516 1245 1548 non
1270 1500 1418 1565 possit
1451 1497 1640 1560 (1297),
1678 1499 1801 1566 apud

253 1589 615 1637 Fleckeisenum:
661 1587 751 1635 duo
798 1598 946 1636 autem
989 1588 1112 1654 apud
1147 1586 1472 1637 Hermannum:
1517 1604 1710 1653 quorum
1754 1591 1799 1637 in

198 1662 202 1666 ’
255 1677 443 1725 aiterum
482 1673 746 1735 (v.1297):

458 1763 560 1812 Non
601 1762 724 1811 vides
761 1763 862 1813 med
901 1766 966 1813 uti
1002 1764 1208 1813 madidus
1244 1762 1434 1812 adeam?

254 1856 341 1901 iam
387 1869 526 1918 supra
571 1851 824 1901 incidimus.
902 1852 1086 1902 Praeter
1137 1869 1348 1901 numeros
1393 1851 1627 1904 offendunt
1669 1854 1801 1902 etiam

256 1940 435 1997 »med«,
475 1937 593 1999 (cod.
622 1938 772 2000 nme«)
810 1949 855 1989 et
892 1940 1105 1988 »adeam«
1143 1938 1368 2001 (nmadide
1393 1940 1625 1989 medeam«
1659 1940 1799 2002 libri).

253 2029 528 2078 Fleckeiseni
568 2045 770 2076 versum:

456 2115 561 2165 Ndn
600 2116 724 2164 vides
761 2115 863 2165 med
900 2117 965 2164 uti
1001 2115 1176 2165 madide
1212 2115 1447 2165 madeam?

254 2221 544 2254 numerorum
589 2206 754 2253 rationi
798 2221 891 2252 non
936 2206 1176 2252 convenire
1218 2206 1499 2262 monuimus,
1544 2220 1689 2270 neque
1733 2206 1800 2253 vi-

254 2303 377 2341 tatur
412 2292 556 2340 forma
593 2291 769 2340 »med·.
839 2290 1219 2357 Umpfenbachius
1256 2302 1418 2350 autem,
1455 2292 1635 2358 alioqui·
1660 2293 1798 2341 bomo

255 2381 650 2448 diligentissimus,
688 2379 856 2445 quibus
893 2379 1123 2428 erroribus
1160 2380 1248 2429 hoc
1281 2379 1382 2429 loco
1418 2380 1659 2446 implicitus
1694 2381 1800 2430 hae·

254 2471 384 2526 serit,
431 2468 560 2516 valde
603 2470 756 2517 miror.
830 2466 945 2518 Cum
990 2470 1106 2516 enim
1149 2467 1298 2518 Melet.
1332 2468 1479 2519 Plaut.
1516 2485 1564 2535 p.
1590 2466 1653 2518 35
1690 2469 1801 2518 hacc

253 2557 488 2605 scriberet:
539 2556 881 2604 »Fleckeisenus
927 2573 1020 2603 non
1056 2555 1248 2604 debebat
1283 2557 1447 2604 offendi
1485 2558 1633 2606 biatu:
1677 2558 1799 2604 »non

253 2645 379 2693 vides
416 2647 485 2693 me
522 2646 587 2692 uti
626 2643 800 2693 madide
836 2643 1063 2692 madeam·
1102 2646 1361 2709 praesertim
1398 2647 1441 2693 in
1478 2654 1601 2693 tanta
1636 2646 1798 2695 vicinia

255 2731 453 2779 eiusdem
490 2732 690 2779 licentiae
728 2749 799 2779 vv.
832 2731 974 2788 1309,
1006 2730 1137 2780 1310
1169 2731 1227 2780 ab
1264 2735 1365 2797 ipso
1409 2748 1676 2782 concessae«
1711 2749 1799 2797 pu-

254 2821 369 2869 tavit
403 2818 738 2869 Fleckeisenum
778 2836 848 2868 vv.
880 2819 1025 2879 1297,
1056 2819 1199 2879 1309,
1231 2819 1361 2870 1310
1396 2837 1549 2872 omnes
1587 2837 1645 2871 ex
1678 2819 1796 2870 binis
